id,symbol,name,sector,grade,analysis_date,price,volume,momentum_score,value_score,growth_score,quality_score,revenue_growth,earnings_growth,pe_ratio,debt_to_ebitda,analysis_batch,quadrant,analysis_notes,json_data
263,ACN,Accenture plc,Technology,A,2025-03-31 19:16:52,311.509,2742781.0,,,,,0.012239863382286663,0.057225749564472794,22.139944,0.36828977397349777,batch_0_50,A,"Revenue Grade: F, Earnings Grade: A, PE Grade: C, Debt Grade: A","{""revenue_grade"": ""F"", ""earnings_grade"": ""A"", ""pe_grade"": ""C"", ""debt_grade"": ""A""}"
290,AME,"AMETEK, Inc.",Industrials,A,2025-03-31 19:16:52,171.41,570548.0,,,,,0.052180174171397385,0.04792611568183687,23.480822,0.9893525994842006,batch_0_50,A,"Revenue Grade: A, Earnings Grade: F, PE Grade: C, Debt Grade: A","{""revenue_grade"": ""A"", ""earnings_grade"": ""F"", ""pe_grade"": ""C"", ""debt_grade"": ""A""}"
310,AZO,"AutoZone, Inc.",Consumer Cyclical,A,2025-03-31 19:18:04,3825.04,118119.0,,,,,0.05917664158113705,0.05299779388441663,21.942633,2.843128437677811,batch_50_100,A,"Revenue Grade: A, Earnings Grade: A, PE Grade: C, Debt Grade: C","{""revenue_grade"": ""A"", ""earnings_grade"": ""A"", ""pe_grade"": ""C"", ""debt_grade"": ""C""}"
462,BEN,"Franklin Resources, Inc.",Financial Services,A,2025-03-31 19:21:25,19.24,2551950.0,,,,,0.08008255408056666,-0.47349342999546895,7.4,9.517053305214166,batch_200_250,A,"Revenue Grade: A, Earnings Grade: F, PE Grade: A, Debt Grade: D","{""revenue_grade"": ""A"", ""earnings_grade"": ""F"", ""pe_grade"": ""A"", ""debt_grade"": ""D""}"
329,BMY,Bristol-Myers Squibb Company,Healthcare,A,2025-03-31 19:18:04,61.13,6068304.0,,,,,0.07319024130115985,-2.1150155763239877,8.69559,16.161616161616163,batch_50_100,A,"Revenue Grade: A, Earnings Grade: F, PE Grade: A, Debt Grade: D","{""revenue_grade"": ""A"", ""earnings_grade"": ""F"", ""pe_grade"": ""A"", ""debt_grade"": ""D""}"
366,C,"Citigroup, Inc.",Financial Services,A,2025-03-31 19:19:11,70.799,8339093.0,,,,,0.05277575820523473,0.3742956220199393,9.846871,,batch_100_150,A,"Revenue Grade: A, Earnings Grade: B/C, PE Grade: A, Debt Grade: None","{""revenue_grade"": ""A"", ""earnings_grade"": ""B/C"", ""pe_grade"": ""A"", ""debt_grade"": null}"
374,CMCSA,Comcast Corporation,Communication Services,A,2025-03-31 19:19:11,36.905,13700173.0,,,,,0.017759023459349193,0.05224850532882766,8.425798,2.6348214523119466,batch_100_150,A,"Revenue Grade: F, Earnings Grade: A, PE Grade: A, Debt Grade: C","{""revenue_grade"": ""F"", ""earnings_grade"": ""A"", ""pe_grade"": ""A"", ""debt_grade"": ""C""}"
352,CNC,Centene Corporation,Healthcare,A,2025-03-31 19:18:05,60.9,2027461.0,,,,,0.05890947343813921,0.2231680236861584,8.650568,3.133709677419355,batch_50_100,A,"Revenue Grade: A, Earnings Grade: B/C, PE Grade: A, Debt Grade: C","{""revenue_grade"": ""A"", ""earnings_grade"": ""B/C"", ""pe_grade"": ""A"", ""debt_grade"": ""C""}"
386,COST,Costco Wholesale Corporation,Consumer Defensive,A,2025-03-31 19:19:11,945.92,1535536.0,,,,,0.05020017334599034,0.17085187539732993,48.06504,0.6810472583566606,batch_100_150,A,"Revenue Grade: A, Earnings Grade: B/C, PE Grade: F, Debt Grade: A","{""revenue_grade"": ""A"", ""earnings_grade"": ""B/C"", ""pe_grade"": ""F"", ""debt_grade"": ""A""}"
381,CPRT,"Copart, Inc.",Industrials,A,2025-03-31 19:19:11,56.765,3608103.0,,,,,0.09492267512387847,0.10121584402552715,32.62356,0.0673746892518154,batch_100_150,A,"Revenue Grade: A, Earnings Grade: B/C, PE Grade: F, Debt Grade: A","{""revenue_grade"": ""A"", ""earnings_grade"": ""B/C"", ""pe_grade"": ""F"", ""debt_grade"": ""A""}"
372,CTSH,Cognizant Technology Solutions ,Technology,A,2025-03-31 19:19:11,76.43,1351448.0,,,,,0.019790213403606677,0.053621825023518345,15.316634,0.4187889077532541,batch_100_150,A,"Revenue Grade: F, Earnings Grade: A, PE Grade: B, Debt Grade: A","{""revenue_grade"": ""F"", ""earnings_grade"": ""A"", ""pe_grade"": ""B"", ""debt_grade"": ""A""}"
400,DAL,"Delta Air Lines, Inc.",Industrials,A,2025-03-31 19:19:11,43.8,11543587.0,,,,,0.06193150496141125,-0.24994575829898025,6.239316,2.8758524880020206,batch_100_150,A,"Revenue Grade: A, Earnings Grade: F, PE Grade: A, Debt Grade: C","{""revenue_grade"": ""A"", ""earnings_grade"": ""F"", ""pe_grade"": ""A"", ""debt_grade"": ""C""}"
399,DELL,Dell Technologies Inc.,Technology,A,2025-03-31 19:19:11,90.53,4592493.0,,,,,0.08076901328809725,0.35537190082644626,9.630852,2.5630672926447575,batch_100_150,A,"Revenue Grade: A, Earnings Grade: B/C, PE Grade: A, Debt Grade: C","{""revenue_grade"": ""A"", ""earnings_grade"": ""B/C"", ""pe_grade"": ""A"", ""debt_grade"": ""C""}"
413,DHI,"D.R. Horton, Inc.",Consumer Cyclical,A,2025-03-31 19:20:20,127.325,1137949.0,,,,,0.037816832297436015,0.00225467265103146,7.9927807,0.9913664286900216,batch_150_200,A,"Revenue Grade: F, Earnings Grade: F, PE Grade: A, Debt Grade: A","{""revenue_grade"": ""F"", ""earnings_grade"": ""F"", ""pe_grade"": ""A"", ""debt_grade"": ""A""}"
421,EIX,Edison International,Utilities,A,2025-03-31 19:20:21,59.2,1732179.0,,,,,0.077182029624189,0.09879175550817342,10.385965,5.927013027782138,batch_150_200,A,"Revenue Grade: A, Earnings Grade: A, PE Grade: B, Debt Grade: D","{""revenue_grade"": ""A"", ""earnings_grade"": ""A"", ""pe_grade"": ""B"", ""debt_grade"": ""D""}"
429,EPAM,"EPAM Systems, Inc.",Technology,A,2025-03-31 19:20:21,167.965,310479.0,,,,,0.007973495588994017,0.08979028155067456,15.010277,0.2430503448029442,batch_150_200,A,"Revenue Grade: F, Earnings Grade: A, PE Grade: B, Debt Grade: A","{""revenue_grade"": ""F"", ""earnings_grade"": ""A"", ""pe_grade"": ""B"", ""debt_grade"": ""A""}"
422,EW,Edwards Lifesciences Corporatio,Healthcare,A,2025-03-31 19:20:21,72.6,2982218.0,,,,,0.08572854291417166,1.9767541357672562,29.632652,0.40624455922465325,batch_150_200,A,"Revenue Grade: A, Earnings Grade: B/C, PE Grade: F, Debt Grade: A","{""revenue_grade"": ""A"", ""earnings_grade"": ""B/C"", ""pe_grade"": ""F"", ""debt_grade"": ""A""}"
440,EXC,Exelon Corporation,Utilities,A,2025-03-31 19:20:21,46.025,8762221.0,,,,,0.05987941271229346,0.05670103092783505,17.5,5.706299694189602,batch_150_200,A,"Revenue Grade: A, Earnings Grade: A, PE Grade: B, Debt Grade: D","{""revenue_grade"": ""A"", ""earnings_grade"": ""A"", ""pe_grade"": ""B"", ""debt_grade"": ""D""}"
443,EXPD,Expeditors International of Was,Industrials,A,2025-03-31 19:20:21,120.51,600480.0,,,,,0.1398268407577975,0.07596133795025256,22.399628,0.5160833553305341,batch_150_200,A,"Revenue Grade: B, Earnings Grade: A, PE Grade: C, Debt Grade: A","{""revenue_grade"": ""B"", ""earnings_grade"": ""A"", ""pe_grade"": ""C"", ""debt_grade"": ""A""}"
454,FSLR,"First Solar, Inc.",Technology,A,2025-03-31 19:20:21,125.52,2323845.0,,,,,0.2674882375168821,0.5552236039274077,6.0172577,0.38465226739786784,batch_150_200,A,"Revenue Grade: C, Earnings Grade: B/C, PE Grade: A, Debt Grade: A","{""revenue_grade"": ""C"", ""earnings_grade"": ""B/C"", ""pe_grade"": ""A"", ""debt_grade"": ""A""}"
468,GEV,GE Vernova Inc.,Utilities,A,2025-03-31 19:21:25,303.635,3151191.0,,,,,0.05102439904930955,-4.54337899543379,44.005074,0.6348143639683506,batch_200_250,A,"Revenue Grade: A, Earnings Grade: F, PE Grade: F, Debt Grade: A","{""revenue_grade"": ""A"", ""earnings_grade"": ""F"", ""pe_grade"": ""F"", ""debt_grade"": ""A""}"
477,GL,Globe Life Inc.,Financial Services,A,2025-03-31 19:21:25,131.73,277968.0,,,,,0.060676273094628336,0.10301981447430093,9.721771,,batch_200_250,A,"Revenue Grade: A, Earnings Grade: B/C, PE Grade: A, Debt Grade: None","{""revenue_grade"": ""A"", ""earnings_grade"": ""B/C"", ""pe_grade"": ""A"", ""debt_grade"": null}"
473,GM,General Motors Company,Consumer Cyclical,A,2025-03-31 19:21:25,47.035,8530020.0,,,,,0.09078106632837141,-0.4067344722030216,4.449858,6.007768686218626,batch_200_250,A,"Revenue Grade: A, Earnings Grade: F, PE Grade: A, Debt Grade: D","{""revenue_grade"": ""A"", ""earnings_grade"": ""F"", ""pe_grade"": ""A"", ""debt_grade"": ""D""}"
464,GRMN,Garmin Ltd.,Technology,A,2025-03-31 19:21:25,217.5,424225.0,,,,,0.2043992906233288,0.09444525431982358,29.155497,0.07604656630184205,batch_200_250,A,"Revenue Grade: C, Earnings Grade: A, PE Grade: F, Debt Grade: A","{""revenue_grade"": ""C"", ""earnings_grade"": ""A"", ""pe_grade"": ""F"", ""debt_grade"": ""A""}"
483,HCA,"HCA Healthcare, Inc.",Healthcare,A,2025-03-31 19:21:25,346.845,880031.0,,,,,0.0867350080039404,0.09881724532621138,14.128106,3.2553972366148534,batch_200_250,A,"Revenue Grade: A, Earnings Grade: A, PE Grade: B, Debt Grade: C","{""revenue_grade"": ""A"", ""earnings_grade"": ""A"", ""pe_grade"": ""B"", ""debt_grade"": ""C""}"
505,INCY,Incyte Corporation,Healthcare,A,2025-03-31 19:21:25,60.56,796997.0,,,,,0.14762440913625727,-0.9454232687805703,9.863193,0.10668417622587331,batch_200_250,A,"Revenue Grade: B, Earnings Grade: F, PE Grade: A, Debt Grade: A","{""revenue_grade"": ""B"", ""earnings_grade"": ""F"", ""pe_grade"": ""A"", ""debt_grade"": ""A""}"
506,IR,Ingersoll Rand Inc.,Industrials,A,2025-03-31 19:21:25,80.145,1477612.0,,,,,0.05219528511801748,0.07692307692307693,22.63983,2.633369803063457,batch_200_250,A,"Revenue Grade: A, Earnings Grade: A, PE Grade: C, Debt Grade: C","{""revenue_grade"": ""A"", ""earnings_grade"": ""A"", ""pe_grade"": ""C"", ""debt_grade"": ""C""}"
515,IVZ,Invesco Ltd,Financial Services,A,2025-03-31 19:22:31,15.19,1973385.0,,,,,0.06133230704639284,-8.995872033023735,8.037037,6.071606726204844,batch_250_300,A,"Revenue Grade: A, Earnings Grade: F, PE Grade: A, Debt Grade: D","{""revenue_grade"": ""A"", ""earnings_grade"": ""F"", ""pe_grade"": ""A"", ""debt_grade"": ""D""}"
521,JKHY,"Jack Henry & Associates, Inc.",Technology,A,2025-03-31 19:22:32,183.1488,416886.0,,,,,0.06634300780381402,0.041375059321525395,28.97924,0.20999374218648284,batch_250_300,A,"Revenue Grade: A, Earnings Grade: F, PE Grade: F, Debt Grade: A","{""revenue_grade"": ""A"", ""earnings_grade"": ""F"", ""pe_grade"": ""F"", ""debt_grade"": ""A""}"
545,LEN,Lennar Corporation,Consumer Cyclical,A,2025-03-31 19:22:32,115.09,1665445.0,,,,,0.035289722897830146,-0.0015178325006582436,7.130731,0.8436689470005142,batch_250_300,A,"Revenue Grade: F, Earnings Grade: F, PE Grade: A, Debt Grade: A","{""revenue_grade"": ""F"", ""earnings_grade"": ""F"", ""pe_grade"": ""A"", ""debt_grade"": ""A""}"
571,MET,"MetLife, Inc.",Financial Services,A,2025-03-31 19:23:37,80.24,3036636.0,,,,,0.052554700558676046,1.8048162230671736,8.280702,,batch_300_350,A,"Revenue Grade: A, Earnings Grade: B/C, PE Grade: A, Debt Grade: None","{""revenue_grade"": ""A"", ""earnings_grade"": ""B/C"", ""pe_grade"": ""A"", ""debt_grade"": null}"
560,MMC,"Marsh & McLennan Companies, Inc",Financial Services,A,2025-03-31 19:23:37,244.77,1194993.0,,,,,0.07573891625615764,0.08093716719914804,25.956522,3.156511695062085,batch_300_350,A,"Revenue Grade: A, Earnings Grade: A, PE Grade: F, Debt Grade: C","{""revenue_grade"": ""A"", ""earnings_grade"": ""A"", ""pe_grade"": ""F"", ""debt_grade"": ""C""}"
569,MRK,"Merck & Company, Inc.",Healthcare,A,2025-03-31 19:23:37,89.565,8033185.0,,,,,0.06742077684438161,45.895890410958906,9.5281925,1.4436707383490235,batch_300_350,A,"Revenue Grade: A, Earnings Grade: B/C, PE Grade: A, Debt Grade: B","{""revenue_grade"": ""A"", ""earnings_grade"": ""B/C"", ""pe_grade"": ""A"", ""debt_grade"": ""B""}"
607,NVR,"NVR, Inc.",Consumer Cyclical,A,2025-03-31 19:23:38,7260.77,11506.0,,,,,0.10578854142927097,0.05674564953371144,14.015578,0.47208308044173375,batch_300_350,A,"Revenue Grade: B, Earnings Grade: A, PE Grade: B, Debt Grade: A","{""revenue_grade"": ""B"", ""earnings_grade"": ""A"", ""pe_grade"": ""B"", ""debt_grade"": ""A""}"
621,PARA,Paramount Global,Communication Services,A,2025-03-31 19:24:39,11.93,10701457.0,,,,,-0.014805072170511264,9.180921052631579,7.319019,-3.1571573604060914,batch_350_400,A,"Revenue Grade: F, Earnings Grade: B/C, PE Grade: A, Debt Grade: A","{""revenue_grade"": ""F"", ""earnings_grade"": ""B/C"", ""pe_grade"": ""A"", ""debt_grade"": ""A""}"
628,PFE,"Pfizer, Inc.",Healthcare,A,2025-03-31 19:24:39,25.2193,28570784.0,,,,,0.06840965190670495,2.789995280792827,8.607269,3.5112815137639983,batch_350_400,A,"Revenue Grade: A, Earnings Grade: B/C, PE Grade: A, Debt Grade: C","{""revenue_grade"": ""A"", ""earnings_grade"": ""B/C"", ""pe_grade"": ""A"", ""debt_grade"": ""C""}"
645,PHM,"PulteGroup, Inc.",Consumer Cyclical,A,2025-03-31 19:24:39,103.206,746626.0,,,,,0.11738398306816429,0.184789107783207,7.644889,0.5504827225846779,batch_350_400,A,"Revenue Grade: B, Earnings Grade: B/C, PE Grade: A, Debt Grade: A","{""revenue_grade"": ""B"", ""earnings_grade"": ""B/C"", ""pe_grade"": ""A"", ""debt_grade"": ""A""}"
618,PKG,Packaging Corporation of Americ,Consumer Cyclical,A,2025-03-31 19:24:39,198.2047,295033.0,,,,,0.07445145083564031,0.052143230527966544,17.633871,1.6988476155449308,batch_350_400,A,"Revenue Grade: A, Earnings Grade: A, PE Grade: B, Debt Grade: B","{""revenue_grade"": ""A"", ""earnings_grade"": ""A"", ""pe_grade"": ""B"", ""debt_grade"": ""B""}"
641,PRU,"Prudential Financial, Inc.",Financial Services,A,2025-03-31 19:24:39,112.07,869095.0,,,,,0.30185202248226295,0.09606109324758842,7.6289997,,batch_350_400,A,"Revenue Grade: C, Earnings Grade: A, PE Grade: A, Debt Grade: None","{""revenue_grade"": ""C"", ""earnings_grade"": ""A"", ""pe_grade"": ""A"", ""debt_grade"": null}"
653,REG,Regency Centers Corporation,Real Estate,A,2025-03-31 19:24:39,73.65,706904.0,,,,,0.09938856651135076,0.09828641337294305,35.07143,5.05060906200526,batch_350_400,A,"Revenue Grade: A, Earnings Grade: A, PE Grade: F, Debt Grade: D","{""revenue_grade"": ""A"", ""earnings_grade"": ""A"", ""pe_grade"": ""F"", ""debt_grade"": ""D""}"
654,REGN,"Regeneron Pharmaceuticals, Inc.",Healthcare,A,2025-03-31 19:24:39,635.7101,661614.0,,,,,0.08270057634251213,0.11609672197490895,14.030237,0.5085370440015043,batch_350_400,A,"Revenue Grade: A, Earnings Grade: B/C, PE Grade: B, Debt Grade: A","{""revenue_grade"": ""A"", ""earnings_grade"": ""B/C"", ""pe_grade"": ""B"", ""debt_grade"": ""A""}"
667,SLB,Schlumberger N.V.,Energy,A,2025-03-31 19:25:43,42.025,7509297.0,,,,,0.09518635883506865,0.06138472519628837,11.4509535,1.4963440327178088,batch_400_450,A,"Revenue Grade: A, Earnings Grade: A, PE Grade: B, Debt Grade: B","{""revenue_grade"": ""A"", ""earnings_grade"": ""A"", ""pe_grade"": ""B"", ""debt_grade"": ""B""}"
682,STT,State Street Corporation,Financial Services,A,2025-03-31 19:25:43,89.63,914648.0,,,,,0.08154039347007117,0.382201646090535,9.596359,,batch_400_450,A,"Revenue Grade: A, Earnings Grade: B/C, PE Grade: A, Debt Grade: None","{""revenue_grade"": ""A"", ""earnings_grade"": ""B/C"", ""pe_grade"": ""A"", ""debt_grade"": null}"
698,TER,"Teradyne, Inc.",Technology,A,2025-03-31 19:25:44,82.48,1592691.0,,,,,0.05364948148524566,0.20862302563554033,19.407059,0.10461433014661108,batch_400_450,A,"Revenue Grade: A, Earnings Grade: B/C, PE Grade: B, Debt Grade: A","{""revenue_grade"": ""A"", ""earnings_grade"": ""B/C"", ""pe_grade"": ""B"", ""debt_grade"": ""A""}"
2,TEST,Test Stock,Technology,A,2025-03-31 18:41:07,100.0,1000000.0,75.0,80.0,70.0,85.0,0.15,0.2,15.0,1.5,test_batch,A,Test stock record,"{""test"": true}"
719,UAL,"United Airlines Holdings, Inc.",Industrials,A,2025-03-31 19:27:46,69.4,7774935.0,,,,,0.06228940558854739,0.20282658517952637,5.740281,3.9577547658272536,batch_450_500,A,"Revenue Grade: A, Earnings Grade: B/C, PE Grade: A, Debt Grade: C","{""revenue_grade"": ""A"", ""earnings_grade"": ""B/C"", ""pe_grade"": ""A"", ""debt_grade"": ""C""}"
717,ULTA,"Ulta Beauty, Inc.",Consumer Cyclical,A,2025-03-31 19:27:46,367.12,654889.0,,,,,0.097831725861971,0.03911516989587961,16.05247,0.9900086977738568,batch_450_500,A,"Revenue Grade: A, Earnings Grade: F, PE Grade: B, Debt Grade: A","{""revenue_grade"": ""A"", ""earnings_grade"": ""F"", ""pe_grade"": ""B"", ""debt_grade"": ""A""}"
721,URI,"United Rentals, Inc.",Industrials,A,2025-03-31 19:27:46,623.97,421011.0,,,,,0.07068099358079821,0.06229372937293729,13.31562,2.1181609853910053,batch_450_500,A,"Revenue Grade: A, Earnings Grade: A, PE Grade: B, Debt Grade: C","{""revenue_grade"": ""A"", ""earnings_grade"": ""A"", ""pe_grade"": ""B"", ""debt_grade"": ""C""}"
732,VICI,VICI Properties Inc.,Real Estate,A,2025-03-31 19:27:46,32.71,4400914.0,,,,,0.06567491364866107,0.06575188777580623,11.981685,4.956262945191016,batch_450_500,A,"Revenue Grade: A, Earnings Grade: A, PE Grade: B, Debt Grade: C","{""revenue_grade"": ""A"", ""earnings_grade"": ""A"", ""pe_grade"": ""B"", ""debt_grade"": ""C""}"
749,WDC,Western Digital Corporation,Technology,A,2025-03-31 19:27:46,40.22,3752657.0,,,,,0.05560967689559994,-0.5261282660332541,4.5652666,22.944444444444443,batch_450_500,A,"Revenue Grade: A, Earnings Grade: F, PE Grade: A, Debt Grade: D","{""revenue_grade"": ""A"", ""earnings_grade"": ""F"", ""pe_grade"": ""A"", ""debt_grade"": ""D""}"
761,ZTS,Zoetis Inc.,Healthcare,A,2025-03-31 19:27:50,164.365,1209335.0,,,,,0.08333333333333333,0.060580204778156996,25.92508,1.7494163424124514,batch_500_503,A,"Revenue Grade: A, Earnings Grade: A, PE Grade: F, Debt Grade: B","{""revenue_grade"": ""A"", ""earnings_grade"": ""A"", ""pe_grade"": ""F"", ""debt_grade"": ""B""}"
309,ADP,"Automatic Data Processing, Inc.",Technology,A+,2025-03-31 19:18:04,305.27,1002372.0,,,,,0.056928390352815314,0.09964830011723329,28.083715,0.6393298364276347,batch_50_100,A,"Revenue Grade: A, Earnings Grade: A, PE Grade: F, Debt Grade: A","{""revenue_grade"": ""A"", ""earnings_grade"": ""A"", ""pe_grade"": ""F"", ""debt_grade"": ""A""}"
369,CME,CME Group Inc.,Financial Services,A+,2025-03-31 19:19:11,264.625,1054646.0,,,,,0.09880083887504705,0.09286467051019776,25.518322,0.6802802087674387,batch_100_150,A,"Revenue Grade: A, Earnings Grade: A, PE Grade: F, Debt Grade: A","{""revenue_grade"": ""A"", ""earnings_grade"": ""A"", ""pe_grade"": ""F"", ""debt_grade"": ""A""}"
503,IDXX,"IDEXX Laboratories, Inc.",Healthcare,A+,2025-03-31 19:21:25,419.69,431621.0,,,,,0.0646145962540355,0.05067795446853529,35.091137,0.7765300887824437,batch_200_250,A,"Revenue Grade: A, Earnings Grade: A, PE Grade: F, Debt Grade: A","{""revenue_grade"": ""A"", ""earnings_grade"": ""A"", ""pe_grade"": ""F"", ""debt_grade"": ""A""}"
558,MKTX,"MarketAxess Holdings, Inc.",Financial Services,A+,2025-03-31 19:22:32,218.04,174001.0,,,,,0.08577537349826655,0.062490554339191255,26.493319,0.16414902510110482,batch_250_300,A,"Revenue Grade: A, Earnings Grade: A, PE Grade: F, Debt Grade: A","{""revenue_grade"": ""A"", ""earnings_grade"": ""A"", ""pe_grade"": ""F"", ""debt_grade"": ""A""}"
612,OMC,Omnicom Group Inc.,Communication Services,A+,2025-03-31 19:24:38,82.74,3330047.0,,,,,0.06785232980765304,0.06410809256863591,9.576388,2.6279594568751197,batch_350_400,A,"Revenue Grade: A, Earnings Grade: A, PE Grade: A, Debt Grade: C","{""revenue_grade"": ""A"", ""earnings_grade"": ""A"", ""pe_grade"": ""A"", ""debt_grade"": ""C""}"
623,PAYX,"Paychex, Inc.",Technology,A+,2025-03-31 19:24:39,154.18,1328550.0,,,,,0.05416308841445148,0.0854684389648751,29.145557,0.3562381774817008,batch_350_400,A,"Revenue Grade: A, Earnings Grade: A, PE Grade: F, Debt Grade: A","{""revenue_grade"": ""A"", ""earnings_grade"": ""A"", ""pe_grade"": ""F"", ""debt_grade"": ""A""}"
691,TROW,"T. Rowe Price Group, Inc.",Financial Services,A+,2025-03-31 19:25:44,91.77,1181164.0,,,,,0.09799551118334494,0.1740929166433723,9.814973,0.09349838969404187,batch_400_450,A,"Revenue Grade: A, Earnings Grade: B/C, PE Grade: A, Debt Grade: A","{""revenue_grade"": ""A"", ""earnings_grade"": ""B/C"", ""pe_grade"": ""A"", ""debt_grade"": ""A""}"
739,WBA,"Walgreens Boots Alliance, Inc.",Healthcare,A+,2025-03-31 19:27:46,11.18,5813439.0,,,,,0.061669099301845685,1.8038961038961039,7.605442,-2.912927824082284,batch_450_500,A,"Revenue Grade: A, Earnings Grade: B/C, PE Grade: A, Debt Grade: A","{""revenue_grade"": ""A"", ""earnings_grade"": ""B/C"", ""pe_grade"": ""A"", ""debt_grade"": ""A""}"
298,AAPL,Apple Inc.,Technology,B,2025-03-31 19:16:52,221.61,31204097.0,,,,,0.020219940775141214,-0.033599670086086914,26.66787,0.791832824648562,batch_0_50,A,"Revenue Grade: F, Earnings Grade: F, PE Grade: F, Debt Grade: A","{""revenue_grade"": ""F"", ""earnings_grade"": ""F"", ""pe_grade"": ""F"", ""debt_grade"": ""A""}"
270,ABNB,"Airbnb, Inc.",Consumer Cyclical,B,2025-03-31 19:16:52,119.365,4665277.0,,,,,0.11949178178884744,-0.44741235392320533,26.525555,0.8762414056531703,batch_0_50,A,"Revenue Grade: B, Earnings Grade: F, PE Grade: F, Debt Grade: A","{""revenue_grade"": ""B"", ""earnings_grade"": ""F"", ""pe_grade"": ""F"", ""debt_grade"": ""A""}"
264,ADBE,Adobe Inc.,Technology,B,2025-03-31 19:16:52,383.96,2268112.0,,,,,0.10799113813179453,0.02431834929992631,18.684185,0.7610908633907252,batch_0_50,A,"Revenue Grade: B, Earnings Grade: F, PE Grade: B, Debt Grade: A","{""revenue_grade"": ""B"", ""earnings_grade"": ""F"", ""pe_grade"": ""B"", ""debt_grade"": ""A""}"
302,ADM,Archer-Daniels-Midland Company,Consumer Defensive,B,2025-03-31 19:16:52,48.08,1203226.0,,,,,-0.08947676584872519,-0.48320413436692505,9.483234,2.8127742564602634,batch_0_50,A,"Revenue Grade: F, Earnings Grade: F, PE Grade: A, Debt Grade: C","{""revenue_grade"": ""F"", ""earnings_grade"": ""F"", ""pe_grade"": ""A"", ""debt_grade"": ""C""}"
266,AES,The AES Corporation,Utilities,B,2025-03-31 19:16:52,12.445,6627284.0,,,,,-0.030786233028102305,5.742971887550201,6.130542,7.965413121054076,batch_0_50,A,"Revenue Grade: F, Earnings Grade: B/C, PE Grade: A, Debt Grade: D","{""revenue_grade"": ""F"", ""earnings_grade"": ""B/C"", ""pe_grade"": ""A"", ""debt_grade"": ""D""}"
305,AIZ,"Assurant, Inc.",Financial Services,B,2025-03-31 19:16:52,210.045,209343.0,,,,,0.06700743828380466,0.18319066147859922,11.721261,,batch_0_50,A,"Revenue Grade: A, Earnings Grade: B/C, PE Grade: B, Debt Grade: None","{""revenue_grade"": ""A"", ""earnings_grade"": ""B/C"", ""pe_grade"": ""B"", ""debt_grade"": null}"
272,ALB,Albemarle Corporation,Basic Materials,B,2025-03-31 19:16:52,72.13,1029050.0,,,,,-0.4408430392911536,-1.749581817580948,39.201084,-3.5814120495102855,batch_0_50,A,"Revenue Grade: F, Earnings Grade: F, PE Grade: F, Debt Grade: A","{""revenue_grade"": ""F"", ""earnings_grade"": ""F"", ""pe_grade"": ""F"", ""debt_grade"": ""A""}"
274,ALGN,"Align Technology, Inc.",Healthcare,B,2025-03-31 19:16:52,159.61,788934.0,,,,,0.03540724860573861,-0.053231862272583266,15.55653,0.14602998538194265,batch_0_50,A,"Revenue Grade: F, Earnings Grade: F, PE Grade: B, Debt Grade: A","{""revenue_grade"": ""F"", ""earnings_grade"": ""F"", ""pe_grade"": ""B"", ""debt_grade"": ""A""}"
299,AMAT,"Applied Materials, Inc.",Technology,B,2025-03-31 19:16:52,145.07,3711859.0,,,,,0.02485198174755817,0.04682030338389732,14.971106,0.75145034694574,batch_0_50,A,"Revenue Grade: F, Earnings Grade: F, PE Grade: B, Debt Grade: A","{""revenue_grade"": ""F"", ""earnings_grade"": ""F"", ""pe_grade"": ""B"", ""debt_grade"": ""A""}"
265,AMD,"Advanced Micro Devices, Inc.",Technology,B,2025-03-31 19:16:52,102.29,22266595.0,,,,,0.13690476190476192,0.9215456674473068,20.056864,0.4206922784328642,batch_0_50,A,"Revenue Grade: B, Earnings Grade: B/C, PE Grade: C, Debt Grade: A","{""revenue_grade"": ""B"", ""earnings_grade"": ""B/C"", ""pe_grade"": ""C"", ""debt_grade"": ""A""}"
303,ANET,"Arista Networks, Inc.",Technology,B,2025-03-31 19:16:52,77.41,7201910.0,,,,,0.19504184862959562,0.36637057740520024,7.9558077,,batch_0_50,A,"Revenue Grade: B, Earnings Grade: B/C, PE Grade: A, Debt Grade: D","{""revenue_grade"": ""B"", ""earnings_grade"": ""B/C"", ""pe_grade"": ""A"", ""debt_grade"": ""D""}"
294,ANSS,"ANSYS, Inc.",Technology,B,2025-03-31 19:16:52,316.03,274747.0,,,,,0.12108642088434586,0.15043604070246117,28.703905,0.9258000856301022,batch_0_50,A,"Revenue Grade: B, Earnings Grade: B/C, PE Grade: F, Debt Grade: A","{""revenue_grade"": ""B"", ""earnings_grade"": ""B/C"", ""pe_grade"": ""F"", ""debt_grade"": ""A""}"
260,AOS,A.O. Smith Corporation,Industrials,B,2025-03-31 19:16:52,65.51,634515.0,,,,,-0.009006436877076411,-0.04132231404958678,16.095823,0.2755244755244755,batch_0_50,A,"Revenue Grade: F, Earnings Grade: F, PE Grade: B, Debt Grade: A","{""revenue_grade"": ""F"", ""earnings_grade"": ""F"", ""pe_grade"": ""B"", ""debt_grade"": ""A""}"
296,APA,APA Corporation,Energy,B,2025-03-31 19:16:52,21.03,3090454.0,,,,,0.17610822563111486,-0.7183887915936953,7.647273,1.4762817441303306,batch_0_50,A,"Revenue Grade: B, Earnings Grade: F, PE Grade: A, Debt Grade: B","{""revenue_grade"": ""B"", ""earnings_grade"": ""F"", ""pe_grade"": ""A"", ""debt_grade"": ""B""}"
300,APTV,Aptiv PLC,Consumer Cyclical,B,2025-03-31 19:16:52,59.71,2505009.0,,,,,-0.01685701461273752,-0.39176310415248466,8.554441,2.574739281575898,batch_0_50,A,"Revenue Grade: F, Earnings Grade: F, PE Grade: A, Debt Grade: C","{""revenue_grade"": ""F"", ""earnings_grade"": ""F"", ""pe_grade"": ""A"", ""debt_grade"": ""C""}"
273,ARE,Alexandria Real Estate Equities,Real Estate,B,2025-03-31 19:16:52,92.51,1030545.0,,,,,0.07994423534817734,2.1160952923127394,26.892443,6.715023715725156,batch_0_50,A,"Revenue Grade: A, Earnings Grade: B/C, PE Grade: F, Debt Grade: D","{""revenue_grade"": ""A"", ""earnings_grade"": ""B/C"", ""pe_grade"": ""F"", ""debt_grade"": ""D""}"
311,AVB,"AvalonBay Communities, Inc.",Real Estate,B,2025-03-31 19:18:04,215.22,323292.0,,,,,0.052692483748562544,0.16490619869189568,38.848377,3.8266668583742027,batch_50_100,A,"Revenue Grade: A, Earnings Grade: B/C, PE Grade: F, Debt Grade: C","{""revenue_grade"": ""A"", ""earnings_grade"": ""B/C"", ""pe_grade"": ""F"", ""debt_grade"": ""C""}"
285,AXP,American Express Company,Financial Services,B,2025-03-31 19:16:52,268.615,1908239.0,,,,,0.08979591836734693,0.20957726295677095,17.765541,,batch_0_50,A,"Revenue Grade: A, Earnings Grade: B/C, PE Grade: B, Debt Grade: None","{""revenue_grade"": ""A"", ""earnings_grade"": ""B/C"", ""pe_grade"": ""B"", ""debt_grade"": null}"
326,BA,Boeing Company (The),Industrials,B,2025-03-31 19:18:04,171.975,4246579.0,,,,,-0.14495976553461706,4.318181818181818,365.90427,-7.084324748333115,batch_50_100,A,"Revenue Grade: F, Earnings Grade: B/C, PE Grade: F, Debt Grade: A","{""revenue_grade"": ""F"", ""earnings_grade"": ""B/C"", ""pe_grade"": ""F"", ""debt_grade"": ""A""}"
335,BG,Bunge Limited,Consumer Defensive,B,2025-03-31 19:18:04,76.4,674942.0,,,,,-0.10802821632515956,-0.4930896121266161,8.215054,2.8903775883069427,batch_50_100,A,"Revenue Grade: F, Earnings Grade: F, PE Grade: A, Debt Grade: C","{""revenue_grade"": ""F"", ""earnings_grade"": ""F"", ""pe_grade"": ""A"", ""debt_grade"": ""C""}"
322,BIIB,Biogen Inc.,Healthcare,B,2025-03-31 19:18:04,136.785,948946.0,,,,,-0.016236935214933506,0.40573594005684266,8.210384,2.343276197207987,batch_50_100,A,"Revenue Grade: F, Earnings Grade: B/C, PE Grade: A, Debt Grade: C","{""revenue_grade"": ""F"", ""earnings_grade"": ""B/C"", ""pe_grade"": ""A"", ""debt_grade"": ""C""}"
314,BKR,Baker Hughes Company,Energy,B,2025-03-31 19:18:04,43.765,3237905.0,,,,,0.09107660942523328,0.5331960885229027,17.029182,1.309632528810611,batch_50_100,A,"Revenue Grade: A, Earnings Grade: B/C, PE Grade: B, Debt Grade: B","{""revenue_grade"": ""A"", ""earnings_grade"": ""B/C"", ""pe_grade"": ""B"", ""debt_grade"": ""B""}"
331,BR,"Broadridge Financial Solutions,",Technology,B,2025-03-31 19:18:04,242.85,293246.0,,,,,0.07356993185830488,0.10704091341579448,25.97326,2.37588840916639,batch_50_100,A,"Revenue Grade: A, Earnings Grade: B/C, PE Grade: F, Debt Grade: C","{""revenue_grade"": ""A"", ""earnings_grade"": ""B/C"", ""pe_grade"": ""F"", ""debt_grade"": ""C""}"
375,CAG,"ConAgra Brands, Inc.",Consumer Defensive,B,2025-03-31 19:19:11,26.7619,4825853.0,,,,,-0.018416551274741386,-0.49210064365125805,9.948662,5.951426794721205,batch_100_150,A,"Revenue Grade: F, Earnings Grade: F, PE Grade: A, Debt Grade: D","{""revenue_grade"": ""F"", ""earnings_grade"": ""F"", ""pe_grade"": ""A"", ""debt_grade"": ""D""}"
348,CBOE,"Cboe Global Markets, Inc.",Financial Services,B,2025-03-31 19:18:05,225.545,482152.0,,,,,0.08506691400556513,0.004596795376937221,24.569172,1.2609792635811716,batch_50_100,A,"Revenue Grade: A, Earnings Grade: F, PE Grade: C, Debt Grade: B","{""revenue_grade"": ""A"", ""earnings_grade"": ""F"", ""pe_grade"": ""C"", ""debt_grade"": ""B""}"
389,CCI,Crown Castle Inc.,Real Estate,B,2025-03-31 19:19:11,104.57,2198980.0,,,,,-0.05916057871365134,-3.5985352862849536,39.018654,-23.862207896857374,batch_100_150,A,"Revenue Grade: F, Earnings Grade: F, PE Grade: F, Debt Grade: A","{""revenue_grade"": ""F"", ""earnings_grade"": ""F"", ""pe_grade"": ""F"", ""debt_grade"": ""A""}"
342,COF,Capital One Financial Corporati,Financial Services,B,2025-03-31 19:18:05,179.84,4262934.0,,,,,0.06320167450458042,-0.02803355842029875,11.4840355,,batch_50_100,A,"Revenue Grade: A, Earnings Grade: F, PE Grade: B, Debt Grade: None","{""revenue_grade"": ""A"", ""earnings_grade"": ""F"", ""pe_grade"": ""B"", ""debt_grade"": null}"
380,COO,"The Cooper Companies, Inc.",Healthcare,B,2025-03-31 19:19:11,84.51,786915.0,,,,,0.08410330624512968,0.33344663494221616,20.713236,2.410842586544742,batch_100_150,A,"Revenue Grade: A, Earnings Grade: B/C, PE Grade: C, Debt Grade: C","{""revenue_grade"": ""A"", ""earnings_grade"": ""B/C"", ""pe_grade"": ""C"", ""debt_grade"": ""C""}"
376,COP,ConocoPhillips,Energy,B,2025-03-31 19:19:11,105.1794,3831350.0,,,,,-0.02486596248730874,-0.1562471479419549,13.098307,0.9977439599655441,batch_100_150,A,"Revenue Grade: F, Earnings Grade: F, PE Grade: B, Debt Grade: A","{""revenue_grade"": ""F"", ""earnings_grade"": ""F"", ""pe_grade"": ""B"", ""debt_grade"": ""A""}"
383,CPAY,"Corpay, Inc.",Technology,B,2025-03-31 19:19:11,348.54,400659.0,,,,,0.057713203142651166,0.022259112527879904,15.714157,3.7730813441019535,batch_100_150,A,"Revenue Grade: A, Earnings Grade: F, PE Grade: B, Debt Grade: C","{""revenue_grade"": ""A"", ""earnings_grade"": ""F"", ""pe_grade"": ""B"", ""debt_grade"": ""C""}"
665,CRM,"Salesforce, Inc.",Technology,B,2025-03-31 19:25:43,267.69,4256242.0,,,,,0.08715609490202829,0.4983075435203095,24.051212,1.022345867360675,batch_400_450,A,"Revenue Grade: A, Earnings Grade: B/C, PE Grade: C, Debt Grade: B","{""revenue_grade"": ""A"", ""earnings_grade"": ""B/C"", ""pe_grade"": ""C"", ""debt_grade"": ""B""}"
364,CTAS,Cintas Corporation,Industrials,B,2025-03-31 19:19:11,206.04,918057.0,,,,,0.0885737818220963,0.16586078738288293,44.025642,1.0601253437456666,batch_100_150,A,"Revenue Grade: A, Earnings Grade: B/C, PE Grade: F, Debt Grade: B","{""revenue_grade"": ""A"", ""earnings_grade"": ""B/C"", ""pe_grade"": ""F"", ""debt_grade"": ""B""}"
384,CTVA,"Corteva, Inc.",Basic Materials,B,2025-03-31 19:19:11,62.99,1988517.0,,,,,-0.018460466736328805,0.23401360544217686,19.623053,0.9882998171846435,batch_100_150,A,"Revenue Grade: F, Earnings Grade: B/C, PE Grade: B, Debt Grade: A","{""revenue_grade"": ""F"", ""earnings_grade"": ""B/C"", ""pe_grade"": ""B"", ""debt_grade"": ""A""}"
358,CVX,Chevron Corporation,Energy,B,2025-03-31 19:18:05,167.615,5734364.0,,,,,-0.017769268661794804,-0.17352239225045626,15.182519,0.5357010325031106,batch_50_100,A,"Revenue Grade: F, Earnings Grade: F, PE Grade: B, Debt Grade: A","{""revenue_grade"": ""F"", ""earnings_grade"": ""F"", ""pe_grade"": ""B"", ""debt_grade"": ""A""}"
397,DECK,Deckers Outdoor Corporation,Consumer Cyclical,B,2025-03-31 19:19:11,111.26,1664362.0,,,,,0.18208572469885198,0.4696800832781886,17.493711,0.256942766284993,batch_100_150,A,"Revenue Grade: B, Earnings Grade: B/C, PE Grade: B, Debt Grade: A","{""revenue_grade"": ""B"", ""earnings_grade"": ""B/C"", ""pe_grade"": ""B"", ""debt_grade"": ""A""}"
648,DGX,Quest Diagnostics Incorporated,Healthcare,B,2025-03-31 19:24:39,170.11,851455.0,,,,,0.06701253782965845,0.01990632318501171,17.429302,3.74181626187962,batch_350_400,A,"Revenue Grade: A, Earnings Grade: F, PE Grade: B, Debt Grade: C","{""revenue_grade"": ""A"", ""earnings_grade"": ""F"", ""pe_grade"": ""B"", ""debt_grade"": ""C""}"
409,DPZ,Domino's Pizza Inc,Consumer Cyclical,B,2025-03-31 19:20:20,460.44,537031.0,,,,,0.05068985332273062,0.12531254936257266,26.102041,5.167183493617626,batch_150_200,A,"Revenue Grade: A, Earnings Grade: B/C, PE Grade: F, Debt Grade: D","{""revenue_grade"": ""A"", ""earnings_grade"": ""B/C"", ""pe_grade"": ""F"", ""debt_grade"": ""D""}"
394,DRI,"Darden Restaurants, Inc.",Consumer Cyclical,B,2025-03-31 19:19:11,208.52,784741.0,,,,,0.08602376094128415,0.04654241776148284,19.746212,3.051726076689531,batch_100_150,A,"Revenue Grade: A, Earnings Grade: F, PE Grade: B, Debt Grade: C","{""revenue_grade"": ""A"", ""earnings_grade"": ""F"", ""pe_grade"": ""B"", ""debt_grade"": ""C""}"
395,DVA,DaVita Inc.,Healthcare,B,2025-03-31 19:19:11,153.42,258504.0,,,,,0.05563384034806168,0.35400522027084674,13.6131315,4.428648500654378,batch_100_150,A,"Revenue Grade: A, Earnings Grade: B/C, PE Grade: B, Debt Grade: C","{""revenue_grade"": ""A"", ""earnings_grade"": ""B/C"", ""pe_grade"": ""B"", ""debt_grade"": ""C""}"
401,DVN,Devon Energy Corporation,Energy,B,2025-03-31 19:19:11,37.53,4031009.0,,,,,0.04469786341591296,-0.22844942620763278,8.414798,1.2490499457111834,batch_100_150,A,"Revenue Grade: F, Earnings Grade: F, PE Grade: A, Debt Grade: B","{""revenue_grade"": ""F"", ""earnings_grade"": ""F"", ""pe_grade"": ""A"", ""debt_grade"": ""B""}"
402,DXCM,"DexCom, Inc.",Healthcare,B,2025-03-31 19:19:11,68.41,2662103.0,,,,,0.11338100102145046,0.06408125577100646,33.69951,2.735962778893941,batch_100_150,A,"Revenue Grade: B, Earnings Grade: A, PE Grade: F, Debt Grade: C","{""revenue_grade"": ""B"", ""earnings_grade"": ""A"", ""pe_grade"": ""F"", ""debt_grade"": ""C""}"
423,EA,Electronic Arts Inc.,Communication Services,B,2025-03-31 19:20:21,143.945,1641235.0,,,,,0.01831403178023162,0.587281795511222,16.875149,0.9497805948317893,batch_150_200,A,"Revenue Grade: F, Earnings Grade: B/C, PE Grade: B, Debt Grade: A","{""revenue_grade"": ""F"", ""earnings_grade"": ""B/C"", ""pe_grade"": ""B"", ""debt_grade"": ""A""}"
431,EFX,"Equifax, Inc.",Industrials,B,2025-03-31 19:20:21,243.68,303401.0,,,,,0.07899035174352351,0.10783055198973042,25.895855,2.912742704336705,batch_150_200,A,"Revenue Grade: A, Earnings Grade: B/C, PE Grade: F, Debt Grade: C","{""revenue_grade"": ""A"", ""earnings_grade"": ""B/C"", ""pe_grade"": ""F"", ""debt_grade"": ""C""}"
437,EG,"Everest Group, Ltd.",Financial Services,B,2025-03-31 19:20:21,364.31,147257.0,,,,,0.18058628318584072,-0.4545093365117203,5.4808183,,batch_150_200,A,"Revenue Grade: B, Earnings Grade: F, PE Grade: A, Debt Grade: None","{""revenue_grade"": ""B"", ""earnings_grade"": ""F"", ""pe_grade"": ""A"", ""debt_grade"": null}"
428,EOG,"EOG Resources, Inc.",Energy,B,2025-03-31 19:20:21,129.35,1118098.0,,,,,0.008454835648347855,-0.15683434290229128,11.695298,0.40653080872913994,batch_150_200,A,"Revenue Grade: F, Earnings Grade: F, PE Grade: B, Debt Grade: A","{""revenue_grade"": ""F"", ""earnings_grade"": ""F"", ""pe_grade"": ""B"", ""debt_grade"": ""A""}"
432,EQIX,"Equinix, Inc.",Real Estate,B,2025-03-31 19:20:21,816.36,494695.0,,,,,0.06839276990718124,-0.15892672858617132,61.01345,5.510316768381284,batch_150_200,A,"Revenue Grade: A, Earnings Grade: F, PE Grade: F, Debt Grade: D","{""revenue_grade"": ""A"", ""earnings_grade"": ""F"", ""pe_grade"": ""F"", ""debt_grade"": ""D""}"
435,ESS,"Essex Property Trust, Inc.",Real Estate,B,2025-03-31 19:20:21,307.665,179567.0,,,,,0.06292998361681927,0.827196451672519,51.107143,4.089652777564372,batch_150_200,A,"Revenue Grade: A, Earnings Grade: B/C, PE Grade: F, Debt Grade: C","{""revenue_grade"": ""A"", ""earnings_grade"": ""B/C"", ""pe_grade"": ""F"", ""debt_grade"": ""C""}"
418,ETN,"Eaton Corporation, PLC",Industrials,B,2025-03-31 19:20:20,271.56,2807174.0,,,,,0.07251250215554406,0.17899316345556246,22.536098,1.748442228947837,batch_150_200,A,"Revenue Grade: A, Earnings Grade: B/C, PE Grade: C, Debt Grade: B","{""revenue_grade"": ""A"", ""earnings_grade"": ""B/C"", ""pe_grade"": ""C"", ""debt_grade"": ""B""}"
438,EVRG,"Evergy, Inc.",Utilities,B,2025-03-31 19:20:21,68.88,1431056.0,,,,,0.06156276097454704,0.19444824285518938,17.049505,5.326128104179285,batch_150_200,A,"Revenue Grade: A, Earnings Grade: B/C, PE Grade: B, Debt Grade: D","{""revenue_grade"": ""A"", ""earnings_grade"": ""B/C"", ""pe_grade"": ""B"", ""debt_grade"": ""D""}"
442,EXPE,"Expedia Group, Inc.",Consumer Cyclical,B,2025-03-31 19:20:21,167.16,997324.0,,,,,0.0663603084352364,0.548306148055207,11.640669,2.487052551408987,batch_150_200,A,"Revenue Grade: A, Earnings Grade: B/C, PE Grade: B, Debt Grade: C","{""revenue_grade"": ""A"", ""earnings_grade"": ""B/C"", ""pe_grade"": ""B"", ""debt_grade"": ""C""}"
444,EXR,Extra Space Storage Inc,Real Estate,B,2025-03-31 19:20:21,148.88,505746.0,,,,,0.27210609613771186,0.06409752016314782,31.146442,5.635358401458253,batch_150_200,A,"Revenue Grade: C, Earnings Grade: A, PE Grade: F, Debt Grade: D","{""revenue_grade"": ""C"", ""earnings_grade"": ""A"", ""pe_grade"": ""F"", ""debt_grade"": ""D""}"
457,F,Ford Motor Company,Consumer Cyclical,B,2025-03-31 19:20:21,10.055,108923460.0,,,,,0.04995147311724209,0.3524269611226133,5.7457147,11.299662826636697,batch_150_200,A,"Revenue Grade: F, Earnings Grade: B/C, PE Grade: A, Debt Grade: D","{""revenue_grade"": ""F"", ""earnings_grade"": ""B/C"", ""pe_grade"": ""A"", ""debt_grade"": ""D""}"
403,FANG,"Diamondback Energy, Inc.",Energy,B,2025-03-31 19:19:11,161.03,1139310.0,,,,,0.32186113442858855,0.06204263442570792,10.999316,1.7448618929179212,batch_100_150,A,"Revenue Grade: C, Earnings Grade: A, PE Grade: B, Debt Grade: B","{""revenue_grade"": ""C"", ""earnings_grade"": ""A"", ""pe_grade"": ""B"", ""debt_grade"": ""B""}"
449,FAST,Fastenal Company,Industrials,B,2025-03-31 19:20:21,77.45,1565283.0,,,,,0.027127826098792655,-0.0038095238095238095,35.365295,0.28708303761533,batch_150_200,A,"Revenue Grade: F, Earnings Grade: F, PE Grade: F, Debt Grade: A","{""revenue_grade"": ""F"", ""earnings_grade"": ""F"", ""pe_grade"": ""F"", ""debt_grade"": ""A""}"
447,FDS,FactSet Research Systems Inc.,Financial Services,B,2025-03-31 19:20:21,452.88,177071.0,,,,,0.0563642047884736,0.14728102645816823,24.244112,1.8038860088787054,batch_150_200,A,"Revenue Grade: A, Earnings Grade: B/C, PE Grade: C, Debt Grade: B","{""revenue_grade"": ""A"", ""earnings_grade"": ""B/C"", ""pe_grade"": ""C"", ""debt_grade"": ""B""}"
451,FDX,FedEx Corporation,Industrials,B,2025-03-31 19:20:21,244.61,1074624.0,,,,,-0.027308524208307913,0.09038267875125881,10.752088,3.470647773279352,batch_150_200,A,"Revenue Grade: F, Earnings Grade: A, PE Grade: B, Debt Grade: C","{""revenue_grade"": ""F"", ""earnings_grade"": ""A"", ""pe_grade"": ""B"", ""debt_grade"": ""C""}"
446,FFIV,"F5, Inc.",Technology,B,2025-03-31 19:20:21,264.995,200717.0,,,,,0.0010489949235186367,0.43506993325703636,17.207468,0.3223354089251741,batch_150_200,A,"Revenue Grade: F, Earnings Grade: B/C, PE Grade: B, Debt Grade: A","{""revenue_grade"": ""F"", ""earnings_grade"": ""B/C"", ""pe_grade"": ""B"", ""debt_grade"": ""A""}"
456,FI,"Fiserv, Inc.",Technology,B,2025-03-31 19:20:21,220.9,1887689.0,,,,,0.07138741947310533,0.020534550195567144,21.678116,2.823396311799977,batch_150_200,A,"Revenue Grade: A, Earnings Grade: F, PE Grade: C, Debt Grade: C","{""revenue_grade"": ""A"", ""earnings_grade"": ""F"", ""pe_grade"": ""C"", ""debt_grade"": ""C""}"
450,FRT,Federal Realty Investment Trust,Real Estate,B,2025-03-31 19:20:21,97.85,423294.0,,,,,0.06209225953359702,0.24568221617401945,31.872965,5.546215503740236,batch_150_200,A,"Revenue Grade: A, Earnings Grade: B/C, PE Grade: F, Debt Grade: D","{""revenue_grade"": ""A"", ""earnings_grade"": ""B/C"", ""pe_grade"": ""F"", ""debt_grade"": ""D""}"
458,FTNT,"Fortinet, Inc.",Technology,B,2025-03-31 19:20:21,96.615,2765555.0,,,,,0.12271904690091992,0.5204739501655341,40.08921,0.4516876391223368,batch_150_200,A,"Revenue Grade: B, Earnings Grade: B/C, PE Grade: F, Debt Grade: A","{""revenue_grade"": ""B"", ""earnings_grade"": ""B/C"", ""pe_grade"": ""F"", ""debt_grade"": ""A""}"
478,GDDY,GoDaddy Inc.,Technology,B,2025-03-31 19:21:25,179.78,748116.0,,,,,0.07500999036223878,-0.31851905731742797,26.792847,3.6777148253068934,batch_200_250,A,"Revenue Grade: A, Earnings Grade: F, PE Grade: F, Debt Grade: C","{""revenue_grade"": ""A"", ""earnings_grade"": ""F"", ""pe_grade"": ""F"", ""debt_grade"": ""C""}"
466,GE,GE Aerospace,Industrials,B,2025-03-31 19:21:25,200.76,3895863.0,,,,,0.09488514201652144,-0.308584686774942,38.312977,1.968641470888662,batch_200_250,A,"Revenue Grade: A, Earnings Grade: F, PE Grade: F, Debt Grade: B","{""revenue_grade"": ""A"", ""earnings_grade"": ""F"", ""pe_grade"": ""F"", ""debt_grade"": ""B""}"
475,GILD,"Gilead Sciences, Inc.",Healthcare,B,2025-03-31 19:21:25,112.27,4657350.0,,,,,0.060407139696120375,-0.9152691968225949,15.110363,6.024131709517365,batch_200_250,A,"Revenue Grade: A, Earnings Grade: F, PE Grade: B, Debt Grade: D","{""revenue_grade"": ""A"", ""earnings_grade"": ""F"", ""pe_grade"": ""B"", ""debt_grade"": ""D""}"
470,GNRC,Generac Holdlings Inc.,Industrials,B,2025-03-31 19:21:25,126.78,377805.0,,,,,0.0679069383570651,0.6015441505940745,15.442143,2.1995755076246164,batch_200_250,A,"Revenue Grade: A, Earnings Grade: B/C, PE Grade: B, Debt Grade: C","{""revenue_grade"": ""A"", ""earnings_grade"": ""B/C"", ""pe_grade"": ""B"", ""debt_grade"": ""C""}"
279,GOOG,Alphabet Inc.,Communication Services,B,2025-03-31 19:16:52,156.185,19540913.0,,,,,0.13866243322901553,0.3567043837658378,17.450838,0.1880511691803182,batch_0_50,A,"Revenue Grade: B, Earnings Grade: B/C, PE Grade: B, Debt Grade: A","{""revenue_grade"": ""B"", ""earnings_grade"": ""B/C"", ""pe_grade"": ""B"", ""debt_grade"": ""A""}"
278,GOOGL,Alphabet Inc.,Communication Services,B,2025-03-31 19:16:52,154.495,32497532.0,,,,,0.13866243322901553,0.3567043837658378,17.242744,0.1880511691803182,batch_0_50,A,"Revenue Grade: B, Earnings Grade: B/C, PE Grade: B, Debt Grade: A","{""revenue_grade"": ""B"", ""earnings_grade"": ""B/C"", ""pe_grade"": ""B"", ""debt_grade"": ""A""}"
476,GPN,Global Payments Inc.,Industrials,B,2025-03-31 19:21:25,98.2,1046534.0,,,,,0.046763559775062594,0.5922860013810124,7.6718745,3.852229179419322,batch_200_250,A,"Revenue Grade: F, Earnings Grade: B/C, PE Grade: A, Debt Grade: C","{""revenue_grade"": ""F"", ""earnings_grade"": ""B/C"", ""pe_grade"": ""A"", ""debt_grade"": ""C""}"
480,HAL,Halliburton Company,Energy,B,2025-03-31 19:21:25,25.425,5886847.0,,,,,-0.0032148753149708925,-0.051933282789992416,7.8230767,1.8060046189376444,batch_200_250,A,"Revenue Grade: F, Earnings Grade: F, PE Grade: A, Debt Grade: B","{""revenue_grade"": ""F"", ""earnings_grade"": ""F"", ""pe_grade"": ""A"", ""debt_grade"": ""B""}"
481,HIG,"The Hartford Insurance Group, I",Financial Services,B,2025-03-31 19:21:25,123.935,738981.0,,,,,0.08442252363337444,0.24241214057507987,10.6748495,,batch_200_250,A,"Revenue Grade: A, Earnings Grade: B/C, PE Grade: B, Debt Grade: None","{""revenue_grade"": ""A"", ""earnings_grade"": ""B/C"", ""pe_grade"": ""B"", ""debt_grade"": null}"
489,HLT,Hilton Worldwide Holdings Inc.,Consumer Cyclical,B,2025-03-31 19:21:25,227.53,2227388.0,,,,,0.09174401563263312,0.3453111305872042,28.476847,4.805044035228183,batch_200_250,A,"Revenue Grade: A, Earnings Grade: B/C, PE Grade: F, Debt Grade: C","{""revenue_grade"": ""A"", ""earnings_grade"": ""B/C"", ""pe_grade"": ""F"", ""debt_grade"": ""C""}"
492,HON,Honeywell International Inc.,Industrials,B,2025-03-31 19:21:25,211.96,1874752.0,,,,,0.05007910097648792,0.00830682219865677,19.251589,3.3550234252993234,batch_200_250,A,"Revenue Grade: A, Earnings Grade: F, PE Grade: B, Debt Grade: C","{""revenue_grade"": ""A"", ""earnings_grade"": ""F"", ""pe_grade"": ""B"", ""debt_grade"": ""C""}"
488,HPE,Hewlett Packard Enterprise Comp,Technology,B,2025-03-31 19:21:25,15.45,16597137.0,,,,,0.034048395400720785,0.27358024691358024,7.357143,3.91775405298537,batch_200_250,A,"Revenue Grade: F, Earnings Grade: B/C, PE Grade: A, Debt Grade: C","{""revenue_grade"": ""F"", ""earnings_grade"": ""B/C"", ""pe_grade"": ""A"", ""debt_grade"": ""C""}"
496,HPQ,HP Inc.,Technology,B,2025-03-31 19:21:25,27.71,4015039.0,,,,,-0.0029599017089243828,-0.14955562365920932,7.697222,2.3110687022900764,batch_200_250,A,"Revenue Grade: F, Earnings Grade: F, PE Grade: A, Debt Grade: C","{""revenue_grade"": ""F"", ""earnings_grade"": ""F"", ""pe_grade"": ""A"", ""debt_grade"": ""C""}"
494,HST,"Host Hotels & Resorts, Inc.",Real Estate,B,2025-03-31 19:21:25,14.235,4247256.0,,,,,0.07023159480323857,-0.05810810810810811,14.675257,3.323321554770318,batch_200_250,A,"Revenue Grade: A, Earnings Grade: F, PE Grade: B, Debt Grade: C","{""revenue_grade"": ""A"", ""earnings_grade"": ""F"", ""pe_grade"": ""B"", ""debt_grade"": ""C""}"
516,INVH,Invitation Homes Inc.,Real Estate,B,2025-03-31 19:22:31,34.97,2735811.0,,,,,0.07674451686854875,-0.1261920803896279,47.25676,5.340871398609549,batch_250_300,A,"Revenue Grade: A, Earnings Grade: F, PE Grade: F, Debt Grade: D","{""revenue_grade"": ""A"", ""earnings_grade"": ""F"", ""pe_grade"": ""F"", ""debt_grade"": ""D""}"
512,IPG,"Interpublic Group of Companies,",Communication Services,B,2025-03-31 19:22:31,27.105,5691361.0,,,,,-0.018146253661851543,-0.37226875455207575,9.856363,2.7664997724169322,batch_250_300,A,"Revenue Grade: F, Earnings Grade: F, PE Grade: A, Debt Grade: C","{""revenue_grade"": ""F"", ""earnings_grade"": ""F"", ""pe_grade"": ""A"", ""debt_grade"": ""C""}"
465,IT,"Gartner, Inc.",Technology,B,2025-03-31 19:21:25,419.37,488497.0,,,,,0.061022123746985756,0.4206949616189179,31.794542,1.685329815456767,batch_200_250,A,"Revenue Grade: A, Earnings Grade: B/C, PE Grade: F, Debt Grade: B","{""revenue_grade"": ""A"", ""earnings_grade"": ""B/C"", ""pe_grade"": ""F"", ""debt_grade"": ""B""}"
522,J,Jacobs Solutions Inc.,Industrials,B,2025-03-31 19:22:32,120.785,363273.0,,,,,0.059855852966708506,0.210755252884975,18.163158,2.192817526808984,batch_250_300,A,"Revenue Grade: A, Earnings Grade: B/C, PE Grade: B, Debt Grade: C","{""revenue_grade"": ""A"", ""earnings_grade"": ""B/C"", ""pe_grade"": ""B"", ""debt_grade"": ""C""}"
519,JBHT,"J.B. Hunt Transport Services, I",Industrials,B,2025-03-31 19:22:31,148.705,419859.0,,,,,-0.0578706458820242,-0.21612496172525392,20.711004,0.9237502320781008,batch_250_300,A,"Revenue Grade: F, Earnings Grade: F, PE Grade: C, Debt Grade: A","{""revenue_grade"": ""F"", ""earnings_grade"": ""F"", ""pe_grade"": ""C"", ""debt_grade"": ""A""}"
537,KHC,The Kraft Heinz Company,Consumer Defensive,B,2025-03-31 19:22:32,30.515,4587719.0,,,,,-0.029804804804804803,-0.03887915936952715,9.939739,7.315537555228277,batch_250_300,A,"Revenue Grade: F, Earnings Grade: F, PE Grade: A, Debt Grade: D","{""revenue_grade"": ""F"", ""earnings_grade"": ""F"", ""pe_grade"": ""A"", ""debt_grade"": ""D""}"
534,KMI,"Kinder Morgan, Inc.",Energy,B,2025-03-31 19:22:32,28.655,5593126.0,,,,,-0.01526020607799661,0.09284818067754078,22.742064,4.700059364796676,batch_250_300,A,"Revenue Grade: F, Earnings Grade: A, PE Grade: C, Debt Grade: C","{""revenue_grade"": ""F"", ""earnings_grade"": ""A"", ""pe_grade"": ""C"", ""debt_grade"": ""C""}"
552,L,Loews Corporation,Financial Services,B,2025-03-31 19:22:32,92.045,282176.0,,,,,0.09956627120806226,-0.01394700139470014,31.739653,,batch_250_300,A,"Revenue Grade: A, Earnings Grade: F, PE Grade: F, Debt Grade: None","{""revenue_grade"": ""A"", ""earnings_grade"": ""F"", ""pe_grade"": ""F"", ""debt_grade"": null}"
544,LDOS,"Leidos Holdings, Inc.",Technology,B,2025-03-31 19:22:32,135.49,618222.0,,,,,0.07928488146132918,5.301507537688442,12.965551,2.4934024505183787,batch_250_300,A,"Revenue Grade: A, Earnings Grade: B/C, PE Grade: B, Debt Grade: C","{""revenue_grade"": ""A"", ""earnings_grade"": ""B/C"", ""pe_grade"": ""B"", ""debt_grade"": ""C""}"
540,LH,Labcorp Holdings Inc.,Healthcare,B,2025-03-31 19:22:32,233.45,510018.0,,,,,0.0696701091961584,0.784688995215311,14.572409,4.015237674598355,batch_250_300,A,"Revenue Grade: A, Earnings Grade: B/C, PE Grade: B, Debt Grade: C","{""revenue_grade"": ""A"", ""earnings_grade"": ""B/C"", ""pe_grade"": ""B"", ""debt_grade"": ""C""}"
539,LHX,"L3Harris Technologies, Inc.",Industrials,B,2025-03-31 19:22:32,209.89,523891.0,,,,,0.09815129512333282,0.2241238793806031,14.585823,3.436113451277731,batch_250_300,A,"Revenue Grade: A, Earnings Grade: B/C, PE Grade: B, Debt Grade: C","{""revenue_grade"": ""A"", ""earnings_grade"": ""B/C"", ""pe_grade"": ""B"", ""debt_grade"": ""C""}"
546,LII,"Lennox International, Inc.",Industrials,B,2025-03-31 19:22:32,561.21,192737.0,,,,,0.07214115096649873,0.36739535671920015,24.0244,1.3138570167696382,batch_250_300,A,"Revenue Grade: A, Earnings Grade: B/C, PE Grade: C, Debt Grade: B","{""revenue_grade"": ""A"", ""earnings_grade"": ""B/C"", ""pe_grade"": ""C"", ""debt_grade"": ""B""}"
548,LIN,Linde plc,Basic Materials,B,2025-03-31 19:22:32,466.77,931590.0,,,,,0.004596091800085226,0.05904178093240845,27.538052,1.761374259894048,batch_250_300,A,"Revenue Grade: F, Earnings Grade: A, PE Grade: F, Debt Grade: B","{""revenue_grade"": ""F"", ""earnings_grade"": ""A"", ""pe_grade"": ""F"", ""debt_grade"": ""B""}"
551,LMT,Lockheed Martin Corporation,Industrials,B,2025-03-31 19:22:32,447.54,976318.0,,,,,0.051382989744121,-0.22890173410404624,15.921024,2.2994895065229723,batch_250_300,A,"Revenue Grade: A, Earnings Grade: F, PE Grade: B, Debt Grade: C","{""revenue_grade"": ""A"", ""earnings_grade"": ""F"", ""pe_grade"": ""B"", ""debt_grade"": ""C""}"
554,LULU,lululemon athletica inc.,Consumer Cyclical,B,2025-03-31 19:22:32,282.64,3178608.0,,,,,0.10071940950245954,0.17057650997619647,18.931011,0.5337645792777709,batch_250_300,A,"Revenue Grade: B, Earnings Grade: B/C, PE Grade: B, Debt Grade: A","{""revenue_grade"": ""B"", ""earnings_grade"": ""B/C"", ""pe_grade"": ""B"", ""debt_grade"": ""A""}"
679,LUV,Southwest Airlines Company,Industrials,B,2025-03-31 19:25:43,33.74,7240058.0,,,,,0.05335173048177533,0.0,21.220127,3.2636695018226,batch_400_450,A,"Revenue Grade: A, Earnings Grade: F, PE Grade: C, Debt Grade: C","{""revenue_grade"": ""A"", ""earnings_grade"": ""F"", ""pe_grade"": ""C"", ""debt_grade"": ""C""}"
543,LVS,Las Vegas Sands Corp.,Consumer Cyclical,B,2025-03-31 19:22:32,38.715,3272640.0,,,,,0.0892788276128037,0.18427518427518427,14.078182,3.391368680641184,batch_250_300,A,"Revenue Grade: A, Earnings Grade: B/C, PE Grade: B, Debt Grade: C","{""revenue_grade"": ""A"", ""earnings_grade"": ""B/C"", ""pe_grade"": ""B"", ""debt_grade"": ""C""}"
555,LYB,LyondellBasell Industries NV,Basic Materials,B,2025-03-31 19:22:32,70.86,1999799.0,,,,,-0.019583039385019582,-0.3566698202459792,8.229965,3.583749306711037,batch_250_300,A,"Revenue Grade: F, Earnings Grade: F, PE Grade: A, Debt Grade: C","{""revenue_grade"": ""F"", ""earnings_grade"": ""F"", ""pe_grade"": ""A"", ""debt_grade"": ""C""}"
559,MAR,Marriott International,Consumer Cyclical,B,2025-03-31 19:23:37,239.086,964934.0,,,,,0.058491123012693456,-0.22964644826467726,22.555283,3.5133702166897187,batch_300_350,A,"Revenue Grade: A, Earnings Grade: F, PE Grade: C, Debt Grade: C","{""revenue_grade"": ""A"", ""earnings_grade"": ""F"", ""pe_grade"": ""C"", ""debt_grade"": ""C""}"
570,META,"Meta Platforms, Inc.",Communication Services,B,2025-03-31 19:23:37,575.39,14555059.0,,,,,0.21941112807816043,0.594966494449844,22.74269,0.5647129241677794,batch_300_350,A,"Revenue Grade: C, Earnings Grade: B/C, PE Grade: C, Debt Grade: A","{""revenue_grade"": ""C"", ""earnings_grade"": ""B/C"", ""pe_grade"": ""C"", ""debt_grade"": ""A""}"
573,MGM,MGM Resorts International,Consumer Cyclical,B,2025-03-31 19:23:37,30.02,4797869.0,,,,,0.06658496785096542,-0.34637447687754996,13.052175,13.218430520801274,batch_300_350,A,"Revenue Grade: A, Earnings Grade: F, PE Grade: B, Debt Grade: D","{""revenue_grade"": ""A"", ""earnings_grade"": ""F"", ""pe_grade"": ""B"", ""debt_grade"": ""D""}"
584,MNST,Monster Beverage Corporation,Consumer Defensive,B,2025-03-31 19:23:37,58.82,2765730.0,,,,,0.04939505130722895,-0.07476449857387056,31.454546,0.1859779144668001,batch_300_350,A,"Revenue Grade: F, Earnings Grade: F, PE Grade: F, Debt Grade: A","{""revenue_grade"": ""F"", ""earnings_grade"": ""F"", ""pe_grade"": ""F"", ""debt_grade"": ""A""}"
580,MOH,Molina Healthcare Inc,Healthcare,B,2025-03-31 19:23:37,329.03,254610.0,,,,,0.1930617515848791,0.08065994500458296,12.797745,1.647120972002113,batch_300_350,A,"Revenue Grade: B, Earnings Grade: A, PE Grade: B, Debt Grade: B","{""revenue_grade"": ""B"", ""earnings_grade"": ""A"", ""pe_grade"": ""B"", ""debt_grade"": ""B""}"
583,MPWR,"Monolithic Power Systems, Inc.",Technology,B,2025-03-31 19:23:37,570.0,528663.0,,,,,0.21197843907324918,3.1806473954896646,33.178112,0.02253259880372637,batch_300_350,A,"Revenue Grade: C, Earnings Grade: B/C, PE Grade: F, Debt Grade: A","{""revenue_grade"": ""C"", ""earnings_grade"": ""B/C"", ""pe_grade"": ""F"", ""debt_grade"": ""A""}"
578,MRNA,"Moderna, Inc.",Healthcare,B,2025-03-31 19:23:37,28.745,16893497.0,,,,,-0.5263547527391176,-0.24459058124734834,-3.3040233,-0.22009428403064232,batch_300_350,A,"Revenue Grade: F, Earnings Grade: F, PE Grade: None, Debt Grade: A","{""revenue_grade"": ""F"", ""earnings_grade"": ""F"", ""pe_grade"": null, ""debt_grade"": ""A""}"
576,MSFT,Microsoft Corporation,Technology,B,2025-03-31 19:23:37,373.945,16993881.0,,,,,0.15669962013071279,0.2180041735188845,25.013044,0.5046801344269937,batch_300_350,A,"Revenue Grade: B, Earnings Grade: B/C, PE Grade: F, Debt Grade: A","{""revenue_grade"": ""B"", ""earnings_grade"": ""B/C"", ""pe_grade"": ""F"", ""debt_grade"": ""A""}"
588,MSI,"Motorola Solutions, Inc.",Technology,B,2025-03-31 19:23:38,438.68,529180.0,,,,,0.08408498697133694,-0.07723815096547688,29.862492,2.516711486746062,batch_300_350,A,"Revenue Grade: A, Earnings Grade: F, PE Grade: F, Debt Grade: C","{""revenue_grade"": ""A"", ""earnings_grade"": ""F"", ""pe_grade"": ""F"", ""debt_grade"": ""C""}"
572,MTD,"Mettler-Toledo International, I",Healthcare,B,2025-03-31 19:23:37,1184.64,88878.0,,,,,0.022187208065656733,0.09427494174533266,27.808453,1.6305795194623809,batch_300_350,A,"Revenue Grade: F, Earnings Grade: A, PE Grade: F, Debt Grade: B","{""revenue_grade"": ""F"", ""earnings_grade"": ""A"", ""pe_grade"": ""F"", ""debt_grade"": ""B""}"
575,MU,"Micron Technology, Inc.",Technology,B,2025-03-31 19:23:37,86.77,15061113.0,,,,,0.615894465894466,-1.1333790502314418,6.7420354,1.4618033813400124,batch_300_350,A,"Revenue Grade: D, Earnings Grade: F, PE Grade: A, Debt Grade: B","{""revenue_grade"": ""D"", ""earnings_grade"": ""F"", ""pe_grade"": ""A"", ""debt_grade"": ""B""}"
603,NCLH,Norwegian Cruise Line Holdings ,Consumer Cyclical,B,2025-03-31 19:23:38,19.025,7512928.0,,,,,0.10874096658636966,4.477602330031653,9.102871,5.253556845770163,batch_300_350,A,"Revenue Grade: B, Earnings Grade: B/C, PE Grade: A, Debt Grade: D","{""revenue_grade"": ""B"", ""earnings_grade"": ""B/C"", ""pe_grade"": ""A"", ""debt_grade"": ""D""}"
590,NDAQ,"Nasdaq, Inc.",Financial Services,B,2025-03-31 19:23:38,75.79,1904127.0,,,,,0.22031662269129287,0.05476864966949953,24.136942,4.0113821138211385,batch_300_350,A,"Revenue Grade: C, Earnings Grade: A, PE Grade: C, Debt Grade: C","{""revenue_grade"": ""C"", ""earnings_grade"": ""A"", ""pe_grade"": ""C"", ""debt_grade"": ""C""}"
592,NFLX,"Netflix, Inc.",Communication Services,B,2025-03-31 19:23:38,931.415,2967570.0,,,,,0.15649919994477407,0.6108814920145932,39.167995,0.5921683449794319,batch_300_350,A,"Revenue Grade: B, Earnings Grade: B/C, PE Grade: F, Debt Grade: A","{""revenue_grade"": ""B"", ""earnings_grade"": ""B/C"", ""pe_grade"": ""F"", ""debt_grade"": ""A""}"
598,NI,NiSource Inc,Utilities,B,2025-03-31 19:23:38,40.125,2810304.0,,,,,-0.009136484179169542,0.06453870922581548,21.57258,5.433926277684792,batch_300_350,A,"Revenue Grade: F, Earnings Grade: A, PE Grade: C, Debt Grade: D","{""revenue_grade"": ""F"", ""earnings_grade"": ""A"", ""pe_grade"": ""C"", ""debt_grade"": ""D""}"
670,NOW,"ServiceNow, Inc.",Technology,B,2025-03-31 19:25:43,795.77,2104654.0,,,,,0.22438970014491139,-0.17677642980935876,47.650898,0.9797849462365591,batch_400_450,A,"Revenue Grade: C, Earnings Grade: F, PE Grade: F, Debt Grade: A","{""revenue_grade"": ""C"", ""earnings_grade"": ""F"", ""pe_grade"": ""F"", ""debt_grade"": ""A""}"
606,NVDA,NVIDIA Corporation,Technology,B,2025-03-31 19:23:38,107.71,221040446.0,,,,,1.1420340763599357,1.4489247311827957,26.143204,0.11922867060612745,batch_300_350,A,"Revenue Grade: D, Earnings Grade: B/C, PE Grade: F, Debt Grade: A","{""revenue_grade"": ""D"", ""earnings_grade"": ""B/C"", ""pe_grade"": ""F"", ""debt_grade"": ""A""}"
611,ODFL,"Old Dominion Freight Line, Inc.",Industrials,B,2025-03-31 19:24:38,165.71,756242.0,,,,,-0.008752245083318674,-0.04310521483628102,28.086441,0.0315324904974645,batch_350_400,A,"Revenue Grade: F, Earnings Grade: F, PE Grade: F, Debt Grade: A","{""revenue_grade"": ""F"", ""earnings_grade"": ""F"", ""pe_grade"": ""F"", ""debt_grade"": ""A""}"
613,ON,ON Semiconductor Corporation,Technology,B,2025-03-31 19:24:38,40.64,4825740.0,,,,,-0.1418514479583182,-0.2797545450382379,9.407407,1.3241957051836704,batch_350_400,A,"Revenue Grade: F, Earnings Grade: F, PE Grade: A, Debt Grade: B","{""revenue_grade"": ""F"", ""earnings_grade"": ""F"", ""pe_grade"": ""A"", ""debt_grade"": ""B""}"
615,ORCL,Oracle Corporation,Technology,B,2025-03-31 19:24:38,139.77,8485964.0,,,,,0.06019537974936942,0.23097730212866047,19.52095,4.06043750584276,batch_350_400,A,"Revenue Grade: A, Earnings Grade: B/C, PE Grade: B, Debt Grade: C","{""revenue_grade"": ""A"", ""earnings_grade"": ""B/C"", ""pe_grade"": ""B"", ""debt_grade"": ""C""}"
609,ORLY,"O'Reilly Automotive, Inc.",Consumer Cyclical,B,2025-03-31 19:24:38,1433.29,264090.0,,,,,0.056679409951145475,0.01708826586425101,31.893415,2.1238346975898135,batch_350_400,A,"Revenue Grade: A, Earnings Grade: F, PE Grade: F, Debt Grade: C","{""revenue_grade"": ""A"", ""earnings_grade"": ""F"", ""pe_grade"": ""F"", ""debt_grade"": ""C""}"
624,PAYC,"Paycom Software, Inc.",Technology,B,2025-03-31 19:24:39,220.11,285436.0,,,,,0.11188522170396174,0.47300469483568075,25.241972,0.10447200300638858,batch_350_400,A,"Revenue Grade: B, Earnings Grade: B/C, PE Grade: F, Debt Grade: A","{""revenue_grade"": ""B"", ""earnings_grade"": ""B/C"", ""pe_grade"": ""F"", ""debt_grade"": ""A""}"
642,PEG,Public Service Enterprise Group,Utilities,B,2025-03-31 19:24:39,82.52,1242016.0,,,,,-0.08427516240989588,-0.30862270776433864,20.275183,0.037880663530576876,batch_350_400,A,"Revenue Grade: F, Earnings Grade: F, PE Grade: C, Debt Grade: A","{""revenue_grade"": ""F"", ""earnings_grade"": ""F"", ""pe_grade"": ""C"", ""debt_grade"": ""A""}"
627,PEP,"Pepsico, Inc.",Consumer Defensive,B,2025-03-31 19:24:39,150.92,4886710.0,,,,,0.004187119414896525,0.055543310557637206,17.487833,2.694724220623501,batch_350_400,A,"Revenue Grade: F, Earnings Grade: A, PE Grade: B, Debt Grade: C","{""revenue_grade"": ""F"", ""earnings_grade"": ""A"", ""pe_grade"": ""B"", ""debt_grade"": ""C""}"
619,PLTR,Palantir Technologies Inc.,Technology,B,2025-03-31 19:24:39,84.28,91866968.0,,,,,0.2878613688375613,1.2027403788871678,179.31915,0.6994912131933683,batch_350_400,A,"Revenue Grade: C, Earnings Grade: B/C, PE Grade: F, Debt Grade: A","{""revenue_grade"": ""C"", ""earnings_grade"": ""B/C"", ""pe_grade"": ""F"", ""debt_grade"": ""A""}"
630,PM,Philip Morris International Inc,Consumer Defensive,B,2025-03-31 19:24:39,158.95,4222583.0,,,,,0.076874964462387,-0.09676180724433636,22.07639,2.9014540605752748,batch_350_400,A,"Revenue Grade: A, Earnings Grade: F, PE Grade: C, Debt Grade: C","{""revenue_grade"": ""A"", ""earnings_grade"": ""F"", ""pe_grade"": ""C"", ""debt_grade"": ""C""}"
633,PNC,"PNC Financial Services Group, I",Financial Services,B,2025-03-31 19:24:39,175.61,1769802.0,,,,,-0.03254451624901204,0.05575475080674077,11.699533,,batch_350_400,A,"Revenue Grade: F, Earnings Grade: A, PE Grade: B, Debt Grade: None","{""revenue_grade"": ""F"", ""earnings_grade"": ""A"", ""pe_grade"": ""B"", ""debt_grade"": null}"
632,PNW,Pinnacle West Capital Corporati,Utilities,B,2025-03-31 19:24:39,95.64,413536.0,,,,,0.09133833518846182,0.21383212675727784,20.435898,5.336808978777567,batch_350_400,A,"Revenue Grade: A, Earnings Grade: B/C, PE Grade: C, Debt Grade: D","{""revenue_grade"": ""A"", ""earnings_grade"": ""B/C"", ""pe_grade"": ""C"", ""debt_grade"": ""D""}"
643,PTC,PTC Inc.,Technology,B,2025-03-31 19:24:39,155.0,760809.0,,,,,0.0960485977226136,0.5326749205832043,22.142857,2.6442025034861962,batch_350_400,A,"Revenue Grade: A, Earnings Grade: B/C, PE Grade: C, Debt Grade: C","{""revenue_grade"": ""A"", ""earnings_grade"": ""B/C"", ""pe_grade"": ""C"", ""debt_grade"": ""C""}"
625,PYPL,"PayPal Holdings, Inc.",Financial Services,B,2025-03-31 19:24:39,65.24,7028354.0,,,,,0.06805280306338383,-0.023316062176165803,13.341514,1.4650748924810915,batch_350_400,A,"Revenue Grade: A, Earnings Grade: F, PE Grade: B, Debt Grade: B","{""revenue_grade"": ""A"", ""earnings_grade"": ""F"", ""pe_grade"": ""B"", ""debt_grade"": ""B""}"
647,QCOM,QUALCOMM Incorporated,Technology,B,2025-03-31 19:24:39,153.3101,3669040.0,,,,,0.08771635957565606,0.4023783185840708,12.535577,1.148755789308423,batch_350_400,A,"Revenue Grade: A, Earnings Grade: B/C, PE Grade: B, Debt Grade: B","{""revenue_grade"": ""A"", ""earnings_grade"": ""B/C"", ""pe_grade"": ""B"", ""debt_grade"": ""B""}"
655,RF,Regions Financial Corporation,Financial Services,B,2025-03-31 19:24:39,21.75,4491755.0,,,,,-0.06507391763463569,-0.08727097396335583,9.623894,,batch_350_400,A,"Revenue Grade: F, Earnings Grade: F, PE Grade: A, Debt Grade: None","{""revenue_grade"": ""F"", ""earnings_grade"": ""F"", ""pe_grade"": ""A"", ""debt_grade"": null}"
657,RMD,ResMed Inc.,Healthcare,B,2025-03-31 19:24:39,224.42,508192.0,,,,,0.10947306803492216,0.13747888711122203,21.809525,0.5724283838175429,batch_350_400,A,"Revenue Grade: B, Earnings Grade: B/C, PE Grade: C, Debt Grade: A","{""revenue_grade"": ""B"", ""earnings_grade"": ""B/C"", ""pe_grade"": ""C"", ""debt_grade"": ""A""}"
660,ROL,"Rollins, Inc.",Consumer Cyclical,B,2025-03-31 19:25:43,54.07,980532.0,,,,,0.10263633813797515,0.07224162388465986,48.276787,1.0536889513659877,batch_400_450,A,"Revenue Grade: B, Earnings Grade: A, PE Grade: F, Debt Grade: B","{""revenue_grade"": ""B"", ""earnings_grade"": ""A"", ""pe_grade"": ""F"", ""debt_grade"": ""B""}"
662,ROST,"Ross Stores, Inc.",Consumer Cyclical,B,2025-03-31 19:25:43,128.0,1847011.0,,,,,0.08991909371871128,0.23972828779113795,19.133034,1.9383199417799604,batch_400_450,A,"Revenue Grade: A, Earnings Grade: B/C, PE Grade: B, Debt Grade: B","{""revenue_grade"": ""A"", ""earnings_grade"": ""B/C"", ""pe_grade"": ""B"", ""debt_grade"": ""B""}"
656,RSG,"Republic Services, Inc.",Industrials,B,2025-03-31 19:24:39,242.3768,765163.0,,,,,0.07129969929836284,0.18024263431542462,35.59131,2.724921135646688,batch_350_400,A,"Revenue Grade: A, Earnings Grade: B/C, PE Grade: F, Debt Grade: C","{""revenue_grade"": ""A"", ""earnings_grade"": ""B/C"", ""pe_grade"": ""F"", ""debt_grade"": ""C""}"
686,SMCI,"Super Micro Computer, Inc.",Technology,B,2025-03-31 19:25:43,34.01,35499569.0,,,,,1.1042028322665798,0.8010462532695415,8.021227,1.7059128614426635,batch_400_450,A,"Revenue Grade: D, Earnings Grade: B/C, PE Grade: A, Debt Grade: B","{""revenue_grade"": ""D"", ""earnings_grade"": ""B/C"", ""pe_grade"": ""A"", ""debt_grade"": ""B""}"
676,SNA,Snap-On Incorporated,Industrials,B,2025-03-31 19:25:43,337.69,181589.0,,,,,-0.004820092173692444,0.03243991692216398,16.783796,0.8501348063391859,batch_400_450,A,"Revenue Grade: F, Earnings Grade: F, PE Grade: B, Debt Grade: A","{""revenue_grade"": ""F"", ""earnings_grade"": ""F"", ""pe_grade"": ""B"", ""debt_grade"": ""A""}"
688,SNPS,"Synopsys, Inc.",Technology,B,2025-03-31 19:25:44,429.67,694154.0,,,,,0.15220381142283568,0.8403139147629702,28.895092,0.37116367801032923,batch_400_450,A,"Revenue Grade: B, Earnings Grade: B/C, PE Grade: F, Debt Grade: A","{""revenue_grade"": ""B"", ""earnings_grade"": ""B/C"", ""pe_grade"": ""F"", ""debt_grade"": ""A""}"
678,SO,Southern Company (The),Utilities,B,2025-03-31 19:25:43,92.215,2757958.0,,,,,0.05825050489050806,0.1068913480885312,21.346064,5.006571989726544,batch_400_450,A,"Revenue Grade: A, Earnings Grade: B/C, PE Grade: C, Debt Grade: D","{""revenue_grade"": ""A"", ""earnings_grade"": ""B/C"", ""pe_grade"": ""C"", ""debt_grade"": ""D""}"
672,SPG,"Simon Property Group, Inc.",Real Estate,B,2025-03-31 19:25:43,166.23,984705.0,,,,,0.053891294958892604,0.038442906786572445,24.517698,4.939232645421698,batch_400_450,A,"Revenue Grade: A, Earnings Grade: F, PE Grade: C, Debt Grade: C","{""revenue_grade"": ""A"", ""earnings_grade"": ""F"", ""pe_grade"": ""C"", ""debt_grade"": ""C""}"
668,STX,Seagate Technology Holdings PLC,Technology,B,2025-03-31 19:25:43,84.7709,1498428.0,,,,,-0.11281148429035753,-1.6332703213610587,8.739268,5.450528338136407,batch_400_450,A,"Revenue Grade: F, Earnings Grade: F, PE Grade: A, Debt Grade: D","{""revenue_grade"": ""F"", ""earnings_grade"": ""F"", ""pe_grade"": ""A"", ""debt_grade"": ""D""}"
378,STZ,"Constellation Brands, Inc.",Consumer Defensive,B,2025-03-31 19:19:11,184.17,896182.0,,,,,0.053868776844466074,-25.32957746478873,12.1404085,4.070402904281871,batch_100_150,A,"Revenue Grade: A, Earnings Grade: F, PE Grade: B, Debt Grade: C","{""revenue_grade"": ""A"", ""earnings_grade"": ""F"", ""pe_grade"": ""B"", ""debt_grade"": ""C""}"
687,SYF,Synchrony Financial,Financial Services,B,2025-03-31 19:25:43,52.82,3119249.0,,,,,0.18331254127834445,0.563449508489723,8.163834,,batch_400_450,A,"Revenue Grade: B, Earnings Grade: B/C, PE Grade: A, Debt Grade: None","{""revenue_grade"": ""B"", ""earnings_grade"": ""B/C"", ""pe_grade"": ""A"", ""debt_grade"": null}"
695,TGT,Target Corporation,Consumer Defensive,B,2025-03-31 19:25:44,104.43,4951775.0,,,,,-0.007876214948050497,-0.011358144030932818,9.936251,2.2968912515890443,batch_400_450,A,"Revenue Grade: F, Earnings Grade: F, PE Grade: A, Debt Grade: C","{""revenue_grade"": ""F"", ""earnings_grade"": ""F"", ""pe_grade"": ""A"", ""debt_grade"": ""C""}"
704,TJX,"TJX Companies, Inc. (The)",Consumer Cyclical,B,2025-03-31 19:25:44,121.65,3019995.0,,,,,0.08572973405959629,0.27901658090337333,26.445654,1.7891583452211126,batch_400_450,A,"Revenue Grade: A, Earnings Grade: B/C, PE Grade: F, Debt Grade: B","{""revenue_grade"": ""A"", ""earnings_grade"": ""B/C"", ""pe_grade"": ""F"", ""debt_grade"": ""B""}"
703,TMO,Thermo Fisher Scientific Inc,Healthcare,B,2025-03-31 19:25:44,498.7922,1613666.0,,,,,0.0005133350444501482,0.0567139282735613,21.234236,2.7113133940182053,batch_400_450,A,"Revenue Grade: F, Earnings Grade: A, PE Grade: C, Debt Grade: C","{""revenue_grade"": ""F"", ""earnings_grade"": ""A"", ""pe_grade"": ""C"", ""debt_grade"": ""C""}"
701,TPL,Texas Pacific Land Corporation,Energy,B,2025-03-31 19:25:44,1333.34,53166.0,,,,,0.11752467958106065,0.11910660799467515,18.234955,0.0008027644869750132,batch_400_450,A,"Revenue Grade: B, Earnings Grade: B/C, PE Grade: B, Debt Grade: A","{""revenue_grade"": ""B"", ""earnings_grade"": ""B/C"", ""pe_grade"": ""B"", ""debt_grade"": ""A""}"
706,TSCO,Tractor Supply Company,Consumer Cyclical,B,2025-03-31 19:25:44,54.85,5253426.0,,,,,0.022499026329198906,-0.0054063036814525674,4.928122,2.8330626199277797,batch_400_450,A,"Revenue Grade: F, Earnings Grade: F, PE Grade: A, Debt Grade: C","{""revenue_grade"": ""F"", ""earnings_grade"": ""F"", ""pe_grade"": ""A"", ""debt_grade"": ""C""}"
699,TSLA,"Tesla, Inc.",Consumer Cyclical,B,2025-03-31 19:25:44,258.1926,112440443.0,,,,,0.009475783534663594,-0.5246349756650444,79.68907,0.9262306227903182,batch_400_450,A,"Revenue Grade: F, Earnings Grade: F, PE Grade: F, Debt Grade: A","{""revenue_grade"": ""F"", ""earnings_grade"": ""F"", ""pe_grade"": ""F"", ""debt_grade"": ""A""}"
692,TTWO,"Take-Two Interactive Software, ",Communication Services,B,2025-03-31 19:25:44,206.1,1498603.0,,,,,-5.607581450120563e-05,2.3290655285854007,26.288265,-1.9626791069643452,batch_400_450,A,"Revenue Grade: F, Earnings Grade: B/C, PE Grade: F, Debt Grade: A","{""revenue_grade"": ""F"", ""earnings_grade"": ""B/C"", ""pe_grade"": ""F"", ""debt_grade"": ""A""}"
712,TYL,"Tyler Technologies, Inc.",Technology,B,2025-03-31 19:27:45,581.015,235075.0,,,,,0.09532568447512003,0.5852675100500847,53.648663,1.36851695832717,batch_450_500,A,"Revenue Grade: A, Earnings Grade: B/C, PE Grade: F, Debt Grade: B","{""revenue_grade"": ""A"", ""earnings_grade"": ""B/C"", ""pe_grade"": ""F"", ""debt_grade"": ""B""}"
722,UNH,UnitedHealth Group Incorporated,Healthcare,B,2025-03-31 19:27:46,527.0237,2931595.0,,,,,0.07711061239646738,-0.35637370984317057,17.626211,2.7391366291494514,batch_450_500,A,"Revenue Grade: A, Earnings Grade: F, PE Grade: B, Debt Grade: C","{""revenue_grade"": ""A"", ""earnings_grade"": ""F"", ""pe_grade"": ""B"", ""debt_grade"": ""C""}"
718,UNP,Union Pacific Corporation,Industrials,B,2025-03-31 19:27:46,237.3,1423287.0,,,,,0.005431402628633028,0.05768929299263208,19.595377,2.605168124548592,batch_450_500,A,"Revenue Grade: F, Earnings Grade: A, PE Grade: B, Debt Grade: C","{""revenue_grade"": ""F"", ""earnings_grade"": ""A"", ""pe_grade"": ""B"", ""debt_grade"": ""C""}"
714,USB,U.S. Bancorp,Financial Services,B,2025-03-31 19:27:45,42.17,4570954.0,,,,,-0.02420304858458573,0.16025050653895745,9.73903,,batch_450_500,A,"Revenue Grade: F, Earnings Grade: B/C, PE Grade: A, Debt Grade: None","{""revenue_grade"": ""F"", ""earnings_grade"": ""B/C"", ""pe_grade"": ""A"", ""debt_grade"": null}"
733,V,Visa Inc.,Financial Services,B,2025-03-31 19:27:46,350.38,5183459.0,,,,,0.10023581294214927,0.14299774214091357,27.676146,0.8141924895471064,batch_450_500,A,"Revenue Grade: B, Earnings Grade: B/C, PE Grade: F, Debt Grade: A","{""revenue_grade"": ""B"", ""earnings_grade"": ""B/C"", ""pe_grade"": ""F"", ""debt_grade"": ""A""}"
728,VRSK,"Verisk Analytics, Inc.",Industrials,B,2025-03-31 19:27:46,297.7,669641.0,,,,,0.07469978369508466,0.5584309895833334,40.836765,1.9563618829485865,batch_450_500,A,"Revenue Grade: A, Earnings Grade: B/C, PE Grade: F, Debt Grade: B","{""revenue_grade"": ""A"", ""earnings_grade"": ""B/C"", ""pe_grade"": ""F"", ""debt_grade"": ""B""}"
725,VTR,"Ventas, Inc.",Real Estate,B,2025-03-31 19:27:46,68.895,1664614.0,,,,,0.09481000492015366,-2.9806457911307445,430.59375,7.094839306303464,batch_450_500,A,"Revenue Grade: A, Earnings Grade: F, PE Grade: F, Debt Grade: D","{""revenue_grade"": ""A"", ""earnings_grade"": ""F"", ""pe_grade"": ""F"", ""debt_grade"": ""D""}"
731,VTRS,Viatris Inc.,Healthcare,B,2025-03-31 19:27:46,8.745,9045178.0,,,,,-0.04457149524531824,-12.594149908592321,3.2752807,5.073014184397163,batch_450_500,A,"Revenue Grade: F, Earnings Grade: F, PE Grade: A, Debt Grade: D","{""revenue_grade"": ""F"", ""earnings_grade"": ""F"", ""pe_grade"": ""A"", ""debt_grade"": ""D""}"
729,VZ,Verizon Communications Inc.,Communication Services,B,2025-03-31 19:27:46,45.4025,12627200.0,,,,,0.006075805753355128,0.5073187532288618,9.598837,3.5428661616161614,batch_450_500,A,"Revenue Grade: F, Earnings Grade: B/C, PE Grade: A, Debt Grade: C","{""revenue_grade"": ""F"", ""earnings_grade"": ""B/C"", ""pe_grade"": ""A"", ""debt_grade"": ""C""}"
738,WAB,Westinghouse Air Brake Technolo,Industrials,B,2025-03-31 19:27:46,182.015,702630.0,,,,,0.07336984602666116,0.29570552147239265,21.438751,1.922705314009662,batch_450_500,A,"Revenue Grade: A, Earnings Grade: B/C, PE Grade: C, Debt Grade: B","{""revenue_grade"": ""A"", ""earnings_grade"": ""B/C"", ""pe_grade"": ""C"", ""debt_grade"": ""B""}"
743,WM,"Waste Management, Inc.",Industrials,B,2025-03-31 19:27:46,231.465,848348.0,,,,,0.08014295505727993,0.1918402777777778,28.682158,3.7798513363909536,batch_450_500,A,"Revenue Grade: A, Earnings Grade: B/C, PE Grade: F, Debt Grade: C","{""revenue_grade"": ""A"", ""earnings_grade"": ""B/C"", ""pe_grade"": ""F"", ""debt_grade"": ""C""}"
740,WMT,Walmart Inc.,Consumer Defensive,B,2025-03-31 19:27:46,87.775,16609748.0,,,,,0.05070009643201543,0.2530462252594933,32.27022,1.4309450130921209,batch_450_500,A,"Revenue Grade: A, Earnings Grade: B/C, PE Grade: F, Debt Grade: B","{""revenue_grade"": ""A"", ""earnings_grade"": ""B/C"", ""pe_grade"": ""F"", ""debt_grade"": ""B""}"
751,WSM,"Williams-Sonoma, Inc.",Consumer Cyclical,B,2025-03-31 19:27:46,158.525,1127460.0,,,,,-0.00504615611693055,0.18477155329440428,19.49877,0.8116423873454355,batch_450_500,A,"Revenue Grade: F, Earnings Grade: B/C, PE Grade: B, Debt Grade: A","{""revenue_grade"": ""F"", ""earnings_grade"": ""B/C"", ""pe_grade"": ""B"", ""debt_grade"": ""A""}"
748,WST,"West Pharmaceutical Services, I",Healthcare,B,2025-03-31 19:27:46,224.1125,351318.0,,,,,-0.019187741541799443,-0.16970003370407818,29.802195,0.4063718241699153,batch_450_500,A,"Revenue Grade: F, Earnings Grade: F, PE Grade: F, Debt Grade: A","{""revenue_grade"": ""F"", ""earnings_grade"": ""F"", ""pe_grade"": ""F"", ""debt_grade"": ""A""}"
755,WYNN,"Wynn Resorts, Limited",Consumer Cyclical,B,2025-03-31 19:27:46,83.6,1302687.0,,,,,0.09125434770327824,-0.31358613906415667,16.653387,6.111220006198815,batch_450_500,A,"Revenue Grade: A, Earnings Grade: F, PE Grade: B, Debt Grade: D","{""revenue_grade"": ""A"", ""earnings_grade"": ""F"", ""pe_grade"": ""B"", ""debt_grade"": ""D""}"
756,XEL,Xcel Energy Inc.,Utilities,B,2025-03-31 19:27:46,70.86,2026040.0,,,,,-0.05385048571026327,0.09316770186335403,18.501307,5.4029690574137,batch_450_500,A,"Revenue Grade: F, Earnings Grade: A, PE Grade: B, Debt Grade: D","{""revenue_grade"": ""F"", ""earnings_grade"": ""A"", ""pe_grade"": ""B"", ""debt_grade"": ""D""}"
445,XOM,Exxon Mobil Corporation,Energy,B,2025-03-31 19:20:21,119.095,10445075.0,,,,,0.013594385369453565,-0.06470424881977228,15.132783,0.5689459971900533,batch_150_200,A,"Revenue Grade: F, Earnings Grade: F, PE Grade: B, Debt Grade: A","{""revenue_grade"": ""F"", ""earnings_grade"": ""F"", ""pe_grade"": ""B"", ""debt_grade"": ""A""}"
758,YUM,"Yum! Brands, Inc.",Consumer Cyclical,B,2025-03-31 19:27:46,157.735,1409103.0,,,,,0.06684567552289429,-0.06950532247964934,25.943256,4.79173166926677,batch_450_500,A,"Revenue Grade: A, Earnings Grade: F, PE Grade: F, Debt Grade: C","{""revenue_grade"": ""A"", ""earnings_grade"": ""F"", ""pe_grade"": ""F"", ""debt_grade"": ""C""}"
759,ZBRA,Zebra Technologies Corporation,Technology,B,2025-03-31 19:27:50,281.8,339372.0,,,,,0.08660558464223386,0.7837837837837838,17.568577,2.520811099252935,batch_500_503,A,"Revenue Grade: A, Earnings Grade: B/C, PE Grade: B, Debt Grade: C","{""revenue_grade"": ""A"", ""earnings_grade"": ""B/C"", ""pe_grade"": ""B"", ""debt_grade"": ""C""}"
268,A,"Agilent Technologies, Inc.",Healthcare,C,2025-03-31 19:16:52,117.21,961899.0,,,,,-0.047270598565783695,0.03951612903225806,20.745132,1.808964781216649,batch_0_50,A,"Revenue Grade: F, Earnings Grade: F, PE Grade: C, Debt Grade: B","{""revenue_grade"": ""F"", ""earnings_grade"": ""F"", ""pe_grade"": ""C"", ""debt_grade"": ""B""}"
262,ABBV,AbbVie Inc.,Healthcare,C,2025-03-31 19:16:52,209.09,5190179.0,,,,,0.03711476858499945,-0.1202961135101789,17.237427,4.5032863849765254,batch_0_50,A,"Revenue Grade: F, Earnings Grade: F, PE Grade: B, Debt Grade: C","{""revenue_grade"": ""F"", ""earnings_grade"": ""F"", ""pe_grade"": ""B"", ""debt_grade"": ""C""}"
261,ABT,Abbott Laboratories,Healthcare,C,2025-03-31 19:16:52,132.615,4115991.0,,,,,0.04589992271061358,1.3417787873492923,25.700583,1.3921223354958294,batch_0_50,A,"Revenue Grade: F, Earnings Grade: B/C, PE Grade: F, Debt Grade: B","{""revenue_grade"": ""F"", ""earnings_grade"": ""B/C"", ""pe_grade"": ""F"", ""debt_grade"": ""B""}"
301,ACGL,Arch Capital Group Ltd.,Financial Services,C,2025-03-31 19:16:52,96.25,625214.0,,,,,0.2735068451933203,-0.029484582489309026,10.647124,,batch_0_50,A,"Revenue Grade: C, Earnings Grade: F, PE Grade: B, Debt Grade: None","{""revenue_grade"": ""C"", ""earnings_grade"": ""F"", ""pe_grade"": ""B"", ""debt_grade"": null}"
293,ADI,"Analog Devices, Inc.",Technology,C,2025-03-31 19:16:52,201.64,1568836.0,,,,,-0.23390946142220995,-0.50664232169455,26.742706,1.8197026415816044,batch_0_50,A,"Revenue Grade: F, Earnings Grade: F, PE Grade: F, Debt Grade: B","{""revenue_grade"": ""F"", ""earnings_grade"": ""F"", ""pe_grade"": ""F"", ""debt_grade"": ""B""}"
308,ADSK,"Autodesk, Inc.",Technology,C,2025-03-31 19:16:53,261.64,773467.0,,,,,,,28.50109,1.6520335700451905,batch_0_50,A,"Revenue Grade: F, Earnings Grade: F, PE Grade: F, Debt Grade: B","{""revenue_grade"": ""F"", ""earnings_grade"": ""F"", ""pe_grade"": ""F"", ""debt_grade"": ""B""}"
283,AEE,Ameren Corporation,Utilities,C,2025-03-31 19:16:52,100.61,1303251.0,,,,,0.0164,0.026041666666666668,20.449186,5.291690220463539,batch_0_50,A,"Revenue Grade: F, Earnings Grade: F, PE Grade: C, Debt Grade: D","{""revenue_grade"": ""F"", ""earnings_grade"": ""F"", ""pe_grade"": ""C"", ""debt_grade"": ""D""}"
284,AEP,American Electric Power Company,Utilities,C,2025-03-31 19:16:52,109.395,3397323.0,,,,,0.03893100414596756,0.34373443231737694,18.573006,5.650774834845959,batch_0_50,A,"Revenue Grade: F, Earnings Grade: B/C, PE Grade: B, Debt Grade: D","{""revenue_grade"": ""F"", ""earnings_grade"": ""B/C"", ""pe_grade"": ""B"", ""debt_grade"": ""D""}"
267,AFL,AFLAC Incorporated,Financial Services,C,2025-03-31 19:16:52,111.18,1266958.0,,,,,0.015232737115864339,0.1682764541747156,15.506276,,batch_0_50,A,"Revenue Grade: F, Earnings Grade: B/C, PE Grade: B, Debt Grade: None","{""revenue_grade"": ""F"", ""earnings_grade"": ""B/C"", ""pe_grade"": ""B"", ""debt_grade"": null}"
286,AIG,"American International Group, I",Financial Services,C,2025-03-31 19:16:52,87.3,5856192.0,,,,,-0.4227847029692493,-1.385396651111721,13.010432,,batch_0_50,A,"Revenue Grade: F, Earnings Grade: F, PE Grade: B, Debt Grade: None","{""revenue_grade"": ""F"", ""earnings_grade"": ""F"", ""pe_grade"": ""B"", ""debt_grade"": null}"
304,AJG,Arthur J. Gallagher & Co.,Financial Services,C,2025-03-31 19:16:52,344.7,850533.0,,,,,0.1472413348027681,0.5087158329035585,30.558512,4.352310870126517,batch_0_50,A,"Revenue Grade: B, Earnings Grade: B/C, PE Grade: F, Debt Grade: C","{""revenue_grade"": ""B"", ""earnings_grade"": ""B/C"", ""pe_grade"": ""F"", ""debt_grade"": ""C""}"
271,AKAM,"Akamai Technologies, Inc.",Technology,C,2025-03-31 19:16:52,80.4087,790572.0,,,,,0.04702302251883565,-0.07799258256958634,12.0372305,3.67085795301535,batch_0_50,A,"Revenue Grade: F, Earnings Grade: F, PE Grade: B, Debt Grade: C","{""revenue_grade"": ""F"", ""earnings_grade"": ""F"", ""pe_grade"": ""B"", ""debt_grade"": ""C""}"
277,ALL,Allstate Corporation (The),Financial Services,C,2025-03-31 19:16:52,207.41,864325.0,,,,,0.12281500683084037,-25.824468085106382,10.899106,,batch_0_50,A,"Revenue Grade: B, Earnings Grade: F, PE Grade: B, Debt Grade: None","{""revenue_grade"": ""B"", ""earnings_grade"": ""F"", ""pe_grade"": ""B"", ""debt_grade"": null}"
275,ALLE,Allegion plc,Industrials,C,2025-03-31 19:16:52,130.4,604543.0,,,,,0.03325298564698148,0.10566247224278312,16.739408,2.173842139595564,batch_0_50,A,"Revenue Grade: F, Earnings Grade: B/C, PE Grade: B, Debt Grade: C","{""revenue_grade"": ""F"", ""earnings_grade"": ""B/C"", ""pe_grade"": ""B"", ""debt_grade"": ""C""}"
282,AMCR,Amcor plc,Consumer Cyclical,C,2025-03-31 19:16:52,9.69,14886997.0,,,,,-0.07172995780590717,-0.30343511450381677,12.265821,3.884864864864865,batch_0_50,A,"Revenue Grade: F, Earnings Grade: F, PE Grade: B, Debt Grade: C","{""revenue_grade"": ""F"", ""earnings_grade"": ""F"", ""pe_grade"": ""B"", ""debt_grade"": ""C""}"
291,AMGN,Amgen Inc.,Healthcare,C,2025-03-31 19:16:52,312.09,1661246.0,,,,,0.18566867683575736,-0.3910972160190561,15.098694,4.499775381850854,batch_0_50,A,"Revenue Grade: B, Earnings Grade: F, PE Grade: B, Debt Grade: C","{""revenue_grade"": ""B"", ""earnings_grade"": ""F"", ""pe_grade"": ""B"", ""debt_grade"": ""C""}"
289,AMP,"Ameriprise Financial, Inc.",Financial Services,C,2025-03-31 19:16:52,483.33,271721.0,,,,,0.11129707112970712,0.3305946791862285,12.511778,,batch_0_50,A,"Revenue Grade: B, Earnings Grade: B/C, PE Grade: B, Debt Grade: None","{""revenue_grade"": ""B"", ""earnings_grade"": ""B/C"", ""pe_grade"": ""B"", ""debt_grade"": null}"
287,AMT,American Tower Corporation (REI,Real Estate,C,2025-03-31 19:16:52,218.93,1449265.0,,,,,0.011485987095743192,0.5202588822220724,32.243004,6.143903495897457,batch_0_50,A,"Revenue Grade: F, Earnings Grade: B/C, PE Grade: F, Debt Grade: D","{""revenue_grade"": ""F"", ""earnings_grade"": ""B/C"", ""pe_grade"": ""F"", ""debt_grade"": ""D""}"
281,AMZN,"Amazon.com, Inc.",Consumer Cyclical,C,2025-03-31 19:16:52,189.99,39923065.0,,,,,0.10990892246666145,0.9473459326211997,30.892683,1.0572224690061787,batch_0_50,A,"Revenue Grade: B, Earnings Grade: B/C, PE Grade: F, Debt Grade: B","{""revenue_grade"": ""B"", ""earnings_grade"": ""B/C"", ""pe_grade"": ""F"", ""debt_grade"": ""B""}"
295,AON,Aon plc,Financial Services,C,2025-03-31 19:16:52,398.33,478898.0,,,,,0.1735944976076555,0.035101404056162244,22.905693,3.624797406807131,batch_0_50,A,"Revenue Grade: B, Earnings Grade: F, PE Grade: C, Debt Grade: C","{""revenue_grade"": ""B"", ""earnings_grade"": ""F"", ""pe_grade"": ""C"", ""debt_grade"": ""C""}"
269,APD,"Air Products and Chemicals, Inc",Basic Materials,C,2025-03-31 19:16:52,294.3412,423912.0,,,,,-0.039634920634920634,0.6642900617337623,20.772137,2.311796151653803,batch_0_50,A,"Revenue Grade: F, Earnings Grade: B/C, PE Grade: C, Debt Grade: C","{""revenue_grade"": ""F"", ""earnings_grade"": ""B/C"", ""pe_grade"": ""C"", ""debt_grade"": ""C""}"
292,APH,Amphenol Corporation,Technology,C,2025-03-31 19:16:52,65.91,4006961.0,,,,,0.21251005599496603,0.2572614107883817,30.51389,1.8114641974009575,batch_0_50,A,"Revenue Grade: C, Earnings Grade: B/C, PE Grade: F, Debt Grade: B","{""revenue_grade"": ""C"", ""earnings_grade"": ""B/C"", ""pe_grade"": ""F"", ""debt_grade"": ""B""}"
297,APO,"Apollo Global Management, Inc. ",Financial Services,C,2025-03-31 19:16:52,136.87,2200260.0,,,,,-0.20003676020095576,-0.09312462849217357,16.140331,1.1965193807209855,batch_0_50,A,"Revenue Grade: F, Earnings Grade: F, PE Grade: B, Debt Grade: B","{""revenue_grade"": ""F"", ""earnings_grade"": ""F"", ""pe_grade"": ""B"", ""debt_grade"": ""B""}"
307,ATO,Atmos Energy Corporation,Utilities,C,2025-03-31 19:16:53,154.56,529097.0,,,,,-0.025768608329082225,0.1772657592266064,21.647058,3.8777382917219207,batch_0_50,A,"Revenue Grade: F, Earnings Grade: B/C, PE Grade: C, Debt Grade: C","{""revenue_grade"": ""F"", ""earnings_grade"": ""B/C"", ""pe_grade"": ""C"", ""debt_grade"": ""C""}"
330,AVGO,Broadcom Inc.,Technology,C,2025-03-31 19:18:04,165.98,21158059.0,,,,,0.4398503587481504,-0.5813804857264593,26.901133,2.8295154738473136,batch_50_100,A,"Revenue Grade: C, Earnings Grade: F, PE Grade: F, Debt Grade: C","{""revenue_grade"": ""C"", ""earnings_grade"": ""F"", ""pe_grade"": ""F"", ""debt_grade"": ""C""}"
312,AVY,Avery Dennison Corporation,Consumer Cyclical,C,2025-03-31 19:18:04,178.09,311786.0,,,,,0.04679411307581029,0.4013916500994036,16.928705,2.2797425327258263,batch_50_100,A,"Revenue Grade: F, Earnings Grade: B/C, PE Grade: B, Debt Grade: C","{""revenue_grade"": ""F"", ""earnings_grade"": ""B/C"", ""pe_grade"": ""B"", ""debt_grade"": ""C""}"
288,AWK,"American Water Works Company, I",Utilities,C,2025-03-31 19:16:52,147.975,973352.0,,,,,0.10628247520075579,0.11334745762711865,25.960527,5.284644194756554,batch_0_50,A,"Revenue Grade: B, Earnings Grade: B/C, PE Grade: F, Debt Grade: D","{""revenue_grade"": ""B"", ""earnings_grade"": ""B/C"", ""pe_grade"": ""F"", ""debt_grade"": ""D""}"
313,AXON,"Axon Enterprise, Inc.",Industrials,C,2025-03-31 19:18:04,526.24,429201.0,,,,,0.3343546705674829,1.1448831798296764,84.87742,1.6513213142437424,batch_50_100,A,"Revenue Grade: C, Earnings Grade: B/C, PE Grade: F, Debt Grade: B","{""revenue_grade"": ""C"", ""earnings_grade"": ""B/C"", ""pe_grade"": ""F"", ""debt_grade"": ""B""}"
316,BAC,Bank of America Corporation,Financial Services,C,2025-03-31 19:18:04,41.67,19898762.0,,,,,0.03353587405280937,0.023269847256270036,11.385245,,batch_50_100,A,"Revenue Grade: F, Earnings Grade: F, PE Grade: B, Debt Grade: None","{""revenue_grade"": ""F"", ""earnings_grade"": ""F"", ""pe_grade"": ""B"", ""debt_grade"": null}"
315,BALL,Ball Corporation,Consumer Cyclical,C,2025-03-31 19:18:04,52.11,867271.0,,,,,-0.02213563256508042,4.669024045261669,14.76204,3.917817679558011,batch_50_100,A,"Revenue Grade: F, Earnings Grade: B/C, PE Grade: B, Debt Grade: C","{""revenue_grade"": ""F"", ""earnings_grade"": ""B/C"", ""pe_grade"": ""B"", ""debt_grade"": ""C""}"
317,BAX,Baxter International Inc.,Healthcare,C,2025-03-31 19:18:04,34.355,1923452.0,,,,,0.02664092664092664,-1.2443524096385543,11.928819,12.051075268817204,batch_50_100,A,"Revenue Grade: F, Earnings Grade: F, PE Grade: B, Debt Grade: D","{""revenue_grade"": ""F"", ""earnings_grade"": ""F"", ""pe_grade"": ""B"", ""debt_grade"": ""D""}"
320,BBY,"Best Buy Co., Inc.",Consumer Cyclical,C,2025-03-31 19:18:04,73.99,1899435.0,,,,,-0.0442787443615944,-0.25302175664786464,10.817251,1.8322784810126582,batch_50_100,A,"Revenue Grade: F, Earnings Grade: F, PE Grade: B, Debt Grade: B","{""revenue_grade"": ""F"", ""earnings_grade"": ""F"", ""pe_grade"": ""B"", ""debt_grade"": ""B""}"
318,BDX,"Becton, Dickinson and Company",Healthcare,C,2025-03-31 19:18:04,228.89,1007409.0,,,,,0.041606442287838115,0.14892183288409702,14.551176,4.173064951234696,batch_50_100,A,"Revenue Grade: F, Earnings Grade: B/C, PE Grade: B, Debt Grade: C","{""revenue_grade"": ""F"", ""earnings_grade"": ""B/C"", ""pe_grade"": ""B"", ""debt_grade"": ""C""}"
333,BF-B,Brown Forman Inc,Consumer Defensive,C,2025-03-31 19:18:04,34.12,1894879.0,,,,,-0.011825922421948912,0.30779054916985954,17.957895,2.0502645502645502,batch_50_100,A,"Revenue Grade: F, Earnings Grade: B/C, PE Grade: B, Debt Grade: C","{""revenue_grade"": ""F"", ""earnings_grade"": ""B/C"", ""pe_grade"": ""B"", ""debt_grade"": ""C""}"
325,BK,The Bank of New York Mellon Cor,Financial Services,C,2025-03-31 19:18:04,83.825,1871329.0,,,,,0.044030192131747484,0.37189582071471833,12.8369055,,batch_50_100,A,"Revenue Grade: F, Earnings Grade: B/C, PE Grade: B, Debt Grade: None","{""revenue_grade"": ""F"", ""earnings_grade"": ""B/C"", ""pe_grade"": ""B"", ""debt_grade"": null}"
327,BKNG,Booking Holdings Inc. Common St,Consumer Cyclical,C,2025-03-31 19:18:04,4602.08,200891.0,,,,,0.11111631172478352,0.3714152483096293,21.93033,1.829192546583851,batch_50_100,A,"Revenue Grade: B, Earnings Grade: B/C, PE Grade: C, Debt Grade: B","{""revenue_grade"": ""B"", ""earnings_grade"": ""B/C"", ""pe_grade"": ""C"", ""debt_grade"": ""B""}"
334,BLDR,"Builders FirstSource, Inc.",Industrials,C,2025-03-31 19:18:04,124.75,1296766.0,,,,,-0.04075712406557047,-0.30031839174842834,10.708155,2.0085616485983078,batch_50_100,A,"Revenue Grade: F, Earnings Grade: F, PE Grade: B, Debt Grade: C","{""revenue_grade"": ""F"", ""earnings_grade"": ""F"", ""pe_grade"": ""B"", ""debt_grade"": ""C""}"
323,BLK,"BlackRock, Inc.",Financial Services,C,2025-03-31 19:18:04,940.855,587522.0,,,,,0.14267316199115293,0.15757906215921483,19.162016,1.5191198461867121,batch_50_100,A,"Revenue Grade: B, Earnings Grade: B/C, PE Grade: B, Debt Grade: B","{""revenue_grade"": ""B"", ""earnings_grade"": ""B/C"", ""pe_grade"": ""B"", ""debt_grade"": ""B""}"
319,BRK-B,Berkshire Hathaway Inc. New,Financial Services,C,2025-03-31 19:18:04,534.32,3513491.0,,,,,-0.034381351900704925,-0.07511717572721699,26.609562,,batch_50_100,A,"Revenue Grade: F, Earnings Grade: F, PE Grade: F, Debt Grade: None","{""revenue_grade"": ""F"", ""earnings_grade"": ""F"", ""pe_grade"": ""F"", ""debt_grade"": null}"
332,BRO,"Brown & Brown, Inc.",Financial Services,C,2025-03-31 19:18:04,124.285,757489.0,,,,,0.1203981521169691,0.14072372199885125,30.38753,2.3522595596755504,batch_50_100,A,"Revenue Grade: B, Earnings Grade: B/C, PE Grade: F, Debt Grade: C","{""revenue_grade"": ""B"", ""earnings_grade"": ""B/C"", ""pe_grade"": ""F"", ""debt_grade"": ""C""}"
328,BSX,Boston Scientific Corporation,Healthcare,C,2025-03-31 19:18:04,100.72,4474365.0,,,,,0.17605337078651687,0.1638418079096045,36.10036,2.890819502074689,batch_50_100,A,"Revenue Grade: B, Earnings Grade: B/C, PE Grade: F, Debt Grade: C","{""revenue_grade"": ""B"", ""earnings_grade"": ""B/C"", ""pe_grade"": ""F"", ""debt_grade"": ""C""}"
324,BX,Blackstone Inc.,Financial Services,C,2025-03-31 19:18:04,139.905,3200674.0,,,,,0.5600239144275673,0.9962239733118601,23.997427,,batch_50_100,A,"Revenue Grade: D, Earnings Grade: B/C, PE Grade: C, Debt Grade: None","{""revenue_grade"": ""D"", ""earnings_grade"": ""B/C"", ""pe_grade"": ""C"", ""debt_grade"": null}"
336,BXP,"BXP, Inc.",Real Estate,C,2025-03-31 19:18:05,67.46,670376.0,,,,,0.040979738016825064,-0.9249691138974319,36.074867,10.498471348761193,batch_50_100,A,"Revenue Grade: F, Earnings Grade: F, PE Grade: F, Debt Grade: D","{""revenue_grade"": ""F"", ""earnings_grade"": ""F"", ""pe_grade"": ""F"", ""debt_grade"": ""D""}"
343,CAH,"Cardinal Health, Inc.",Healthcare,C,2025-03-31 19:18:05,138.2,1097186.0,,,,,0.10658652837607754,1.5818181818181818,15.995369,2.5953109072375127,batch_50_100,A,"Revenue Grade: B, Earnings Grade: B/C, PE Grade: B, Debt Grade: C","{""revenue_grade"": ""B"", ""earnings_grade"": ""B/C"", ""pe_grade"": ""B"", ""debt_grade"": ""C""}"
346,CARR,Carrier Global Corporation,Industrials,C,2025-03-31 19:18:05,63.478,2178526.0,,,,,0.18653369215344837,3.1541882876204594,20.880922,3.11062163485071,batch_50_100,A,"Revenue Grade: B, Earnings Grade: B/C, PE Grade: C, Debt Grade: C","{""revenue_grade"": ""B"", ""earnings_grade"": ""B/C"", ""pe_grade"": ""C"", ""debt_grade"": ""C""}"
347,CAT,"Caterpillar, Inc.",Industrials,C,2025-03-31 19:18:05,330.4,1397883.0,,,,,-0.033566954965702354,0.04421867440735365,14.916478,2.3948746726524504,batch_50_100,A,"Revenue Grade: F, Earnings Grade: F, PE Grade: B, Debt Grade: C","{""revenue_grade"": ""F"", ""earnings_grade"": ""F"", ""pe_grade"": ""B"", ""debt_grade"": ""C""}"
360,CB,Chubb Limited,Financial Services,C,2025-03-31 19:19:11,302.34,1174597.0,,,,,0.12411190944486813,0.02702702702702703,12.805591,,batch_100_150,A,"Revenue Grade: B, Earnings Grade: F, PE Grade: B, Debt Grade: None","{""revenue_grade"": ""B"", ""earnings_grade"": ""F"", ""pe_grade"": ""B"", ""debt_grade"": null}"
349,CBRE,CBRE Group Inc,Real Estate,C,2025-03-31 19:18:05,130.79,942885.0,,,,,0.119502957839056,-0.018255578093306288,21.798332,2.9275064267352184,batch_50_100,A,"Revenue Grade: B, Earnings Grade: F, PE Grade: C, Debt Grade: C","{""revenue_grade"": ""B"", ""earnings_grade"": ""F"", ""pe_grade"": ""C"", ""debt_grade"": ""C""}"
345,CCL,Carnival Corporation,Consumer Cyclical,C,2025-03-31 19:18:05,19.575,16440273.0,,,,,0.15875515213263558,-26.89189189189189,11.380815,4.637224987955677,batch_50_100,A,"Revenue Grade: B, Earnings Grade: F, PE Grade: B, Debt Grade: C","{""revenue_grade"": ""B"", ""earnings_grade"": ""F"", ""pe_grade"": ""B"", ""debt_grade"": ""C""}"
338,CDNS,"Cadence Design Systems, Inc.",Technology,C,2025-03-31 19:18:05,253.225,1190846.0,,,,,0.13478725844049344,0.013773310896475415,36.967155,1.5508908210960546,batch_50_100,A,"Revenue Grade: B, Earnings Grade: F, PE Grade: F, Debt Grade: B","{""revenue_grade"": ""B"", ""earnings_grade"": ""F"", ""pe_grade"": ""F"", ""debt_grade"": ""B""}"
350,CDW,CDW Corporation,Technology,C,2025-03-31 19:18:05,160.58,508056.0,,,,,-0.01765063622754491,-0.02399710223671104,15.867589,3.1123519634323706,batch_50_100,A,"Revenue Grade: F, Earnings Grade: F, PE Grade: B, Debt Grade: C","{""revenue_grade"": ""F"", ""earnings_grade"": ""F"", ""pe_grade"": ""B"", ""debt_grade"": ""C""}"
379,CEG,Constellation Energy Corporatio,Utilities,C,2025-03-31 19:19:11,201.68,2834886.0,,,,,-0.054177702865398504,1.3099199014171288,22.534079,1.1967562953478446,batch_100_150,A,"Revenue Grade: F, Earnings Grade: B/C, PE Grade: C, Debt Grade: B","{""revenue_grade"": ""F"", ""earnings_grade"": ""B/C"", ""pe_grade"": ""C"", ""debt_grade"": ""B""}"
354,CF,"CF Industries Holdings, Inc.",Basic Materials,C,2025-03-31 19:18:05,78.51,771920.0,,,,,-0.10481073744533254,-0.20131147540983607,12.703884,1.148619957537155,batch_50_100,A,"Revenue Grade: F, Earnings Grade: F, PE Grade: B, Debt Grade: B","{""revenue_grade"": ""F"", ""earnings_grade"": ""F"", ""pe_grade"": ""B"", ""debt_grade"": ""B""}"
367,CFG,"Citizens Financial Group, Inc.",Financial Services,C,2025-03-31 19:19:11,40.98,2074741.0,,,,,-0.052285992217898834,-0.061567164179104475,10.589148,,batch_100_150,A,"Revenue Grade: F, Earnings Grade: F, PE Grade: B, Debt Grade: None","{""revenue_grade"": ""F"", ""earnings_grade"": ""F"", ""pe_grade"": ""B"", ""debt_grade"": null}"
361,CHD,"Church & Dwight Company, Inc.",Consumer Defensive,C,2025-03-31 19:19:11,109.98,1533331.0,,,,,0.04076415753506365,-0.22538380095288513,29.485256,2.021826852531181,batch_100_150,A,"Revenue Grade: F, Earnings Grade: F, PE Grade: F, Debt Grade: C","{""revenue_grade"": ""F"", ""earnings_grade"": ""F"", ""pe_grade"": ""F"", ""debt_grade"": ""C""}"
337,CHRW,"C.H. Robinson Worldwide, Inc.",Industrials,C,2025-03-31 19:18:05,102.29,872653.0,,,,,0.007303351023840443,0.4323237853282851,21.489494,2.2721254441792453,batch_50_100,A,"Revenue Grade: F, Earnings Grade: B/C, PE Grade: C, Debt Grade: C","{""revenue_grade"": ""F"", ""earnings_grade"": ""B/C"", ""pe_grade"": ""C"", ""debt_grade"": ""C""}"
357,CHTR,"Charter Communications, Inc.",Communication Services,C,2025-03-31 19:18:05,367.77,1092467.0,,,,,0.00875345651656381,0.11542681588764538,10.278647,4.474070267239768,batch_50_100,A,"Revenue Grade: F, Earnings Grade: B/C, PE Grade: B, Debt Grade: C","{""revenue_grade"": ""F"", ""earnings_grade"": ""B/C"", ""pe_grade"": ""B"", ""debt_grade"": ""C""}"
362,CI,The Cigna Group,Healthcare,C,2025-03-31 19:19:11,329.92,1046506.0,,,,,0.25205059763201443,-0.33501161890007747,10.533845,,batch_100_150,A,"Revenue Grade: C, Earnings Grade: F, PE Grade: B, Debt Grade: None","{""revenue_grade"": ""C"", ""earnings_grade"": ""F"", ""pe_grade"": ""B"", ""debt_grade"": null}"
363,CINF,Cincinnati Financial Corporatio,Financial Services,C,2025-03-31 19:19:11,147.87,270127.0,,,,,0.13222810346549485,0.24362452523060227,20.17326,,batch_100_150,A,"Revenue Grade: B, Earnings Grade: B/C, PE Grade: C, Debt Grade: None","{""revenue_grade"": ""B"", ""earnings_grade"": ""B/C"", ""pe_grade"": ""C"", ""debt_grade"": null}"
373,CL,Colgate-Palmolive Company,Consumer Defensive,C,2025-03-31 19:19:11,93.99,2749615.0,,,,,0.03309862774322866,0.25608695652173913,24.349741,1.7539666185864413,batch_100_150,A,"Revenue Grade: F, Earnings Grade: B/C, PE Grade: C, Debt Grade: B","{""revenue_grade"": ""F"", ""earnings_grade"": ""B/C"", ""pe_grade"": ""C"", ""debt_grade"": ""B""}"
368,CLX,Clorox Company (The),Consumer Defensive,C,2025-03-31 19:19:11,147.655,415416.0,,,,,-0.040059547976722155,0.8791946308724832,20.254457,4.01521438450899,batch_100_150,A,"Revenue Grade: F, Earnings Grade: B/C, PE Grade: C, Debt Grade: C","{""revenue_grade"": ""F"", ""earnings_grade"": ""B/C"", ""pe_grade"": ""C"", ""debt_grade"": ""C""}"
359,CMG,"Chipotle Mexican Grill, Inc.",Consumer Cyclical,C,2025-03-31 19:19:11,50.155,8307097.0,,,,,0.14609555100672644,0.2485259254014488,38.28626,1.9569866335317205,batch_100_150,A,"Revenue Grade: B, Earnings Grade: B/C, PE Grade: F, Debt Grade: B","{""revenue_grade"": ""B"", ""earnings_grade"": ""B/C"", ""pe_grade"": ""F"", ""debt_grade"": ""B""}"
391,CMI,Cummins Inc.,Industrials,C,2025-03-31 19:19:11,312.765,589757.0,,,,,0.0010861588140319977,4.368707482993197,13.888322,1.1988008835594826,batch_100_150,A,"Revenue Grade: F, Earnings Grade: B/C, PE Grade: B, Debt Grade: B","{""revenue_grade"": ""F"", ""earnings_grade"": ""B/C"", ""pe_grade"": ""B"", ""debt_grade"": ""B""}"
370,CMS,CMS Energy Corporation,Utilities,C,2025-03-31 19:19:11,75.22,1462924.0,,,,,0.007102653444116859,0.13077790304396844,21.011173,5.394334093129274,batch_100_150,A,"Revenue Grade: F, Earnings Grade: B/C, PE Grade: C, Debt Grade: D","{""revenue_grade"": ""F"", ""earnings_grade"": ""B/C"", ""pe_grade"": ""C"", ""debt_grade"": ""D""}"
353,CNP,"CenterPoint Energy, Inc (Holdin",Utilities,C,2025-03-31 19:18:05,36.295,5843722.0,,,,,-0.00609475620975161,0.11123227917121047,20.859194,6.004869664852478,batch_50_100,A,"Revenue Grade: F, Earnings Grade: B/C, PE Grade: C, Debt Grade: D","{""revenue_grade"": ""F"", ""earnings_grade"": ""B/C"", ""pe_grade"": ""C"", ""debt_grade"": ""D""}"
351,COR,"Cencora, Inc.",Healthcare,C,2025-03-31 19:18:05,278.9,1049338.0,,,,,0.12123726764954056,-0.1353199720619976,17.047676,1.3015207775532485,batch_50_100,A,"Revenue Grade: B, Earnings Grade: F, PE Grade: B, Debt Grade: B","{""revenue_grade"": ""B"", ""earnings_grade"": ""F"", ""pe_grade"": ""B"", ""debt_grade"": ""B""}"
341,CPB,The Campbell's Company,Consumer Defensive,C,2025-03-31 19:18:05,40.115,3181578.0,,,,,0.02981724911830715,-0.33916083916083917,11.763929,5.322512350035286,batch_50_100,A,"Revenue Grade: F, Earnings Grade: F, PE Grade: B, Debt Grade: D","{""revenue_grade"": ""F"", ""earnings_grade"": ""F"", ""pe_grade"": ""B"", ""debt_grade"": ""D""}"
340,CPT,Camden Property Trust,Real Estate,C,2025-03-31 19:18:05,122.905,879731.0,,,,,0.0011770221922184241,-0.5951168954821241,75.86729,3.9358747508737064,batch_50_100,A,"Revenue Grade: F, Earnings Grade: F, PE Grade: F, Debt Grade: C","{""revenue_grade"": ""F"", ""earnings_grade"": ""F"", ""pe_grade"": ""F"", ""debt_grade"": ""C""}"
355,CRL,Charles River Laboratories Inte,Healthcare,C,2025-03-31 19:18:05,150.86,788466.0,,,,,-0.01923277640940871,-0.9532198118932039,14.675097,4.68730415749652,batch_50_100,A,"Revenue Grade: F, Earnings Grade: F, PE Grade: B, Debt Grade: C","{""revenue_grade"": ""F"", ""earnings_grade"": ""F"", ""pe_grade"": ""B"", ""debt_grade"": ""C""}"
388,CRWD,"CrowdStrike Holdings, Inc.",Technology,C,2025-03-31 19:19:11,350.83,2127447.0,,,,,0.29391354434791717,-1.2157354439307264,82.16159,2.6760458750139926,batch_100_150,A,"Revenue Grade: C, Earnings Grade: F, PE Grade: F, Debt Grade: C","{""revenue_grade"": ""C"", ""earnings_grade"": ""F"", ""pe_grade"": ""F"", ""debt_grade"": ""C""}"
365,CSCO,"Cisco Systems, Inc.",Technology,C,2025-03-31 19:19:11,61.495,13704798.0,,,,,-0.05605459840696165,-0.18179655910568462,15.767948,1.9662157871340573,batch_100_150,A,"Revenue Grade: F, Earnings Grade: F, PE Grade: B, Debt Grade: B","{""revenue_grade"": ""F"", ""earnings_grade"": ""F"", ""pe_grade"": ""B"", ""debt_grade"": ""B""}"
385,CSGP,"CoStar Group, Inc.",Real Estate,C,2025-03-31 19:19:11,79.29,1305973.0,,,,,0.1145417515274949,-0.6298372030958099,70.79464,7.588390501319261,batch_100_150,A,"Revenue Grade: B, Earnings Grade: F, PE Grade: F, Debt Grade: D","{""revenue_grade"": ""B"", ""earnings_grade"": ""F"", ""pe_grade"": ""F"", ""debt_grade"": ""D""}"
390,CSX,CSX Corporation,Industrials,C,2025-03-31 19:19:11,29.545,9663229.0,,,,,-0.007982533942825953,-0.0539803707742639,14.554188,2.695386799148332,batch_100_150,A,"Revenue Grade: F, Earnings Grade: F, PE Grade: B, Debt Grade: C","{""revenue_grade"": ""F"", ""earnings_grade"": ""F"", ""pe_grade"": ""B"", ""debt_grade"": ""C""}"
387,CTRA,Coterra Energy Inc.,Energy,C,2025-03-31 19:19:11,29.0,2310264.0,,,,,-0.07710517416300304,-0.31015384615384617,12.446352,1.149334945586457,batch_100_150,A,"Revenue Grade: F, Earnings Grade: F, PE Grade: B, Debt Grade: B","{""revenue_grade"": ""F"", ""earnings_grade"": ""F"", ""pe_grade"": ""B"", ""debt_grade"": ""B""}"
